3003 5080
1043 437 1232 493 Mand.
1265 437 1355 504 VI,
1399 441 1442 495 1.
1477 441 1527 493 2.
2296 427 2381 506 49

189 618 272 670 est
343 609 598 672 nuncius
665 611 1050 692 iniquitatis“.
1158 617 1546 693 „Quomodo‚
1621 615 1894 688 domine,
1965 614 2380 696 intelligam“?

192 711 436 792 ,‚Audi“‚
480 713 706 792 inquit,
767 724 865 793 „et
905 717 1189 800 intellige.
1236 739 1370 781 cum
1418 717 1721 780 iracundia
1768 717 1875 779 tibi
1920 719 2233 780 accesserit
2276 726 2378 780 aut

189 816 547 892 amaritudo,
605 818 866 899 intellige
913 821 1044 900 quia
1086 822 1211 902 ipse
1253 831 1343 884 est
1385 823 1446 883 in
1494 831 1586 904 te,
1633 822 1845 883 deinde
1888 823 2175 902 cupiditas
2219 823 2379 884 mul-

191 927 378 980 torum
429 939 677 1000 operum
721 930 780 983 et
824 924 1184 1003 optimorum
1230 926 1498 988 ciborum
1545 934 1603 988 et
1647 925 1974 1007 ebrietatiS‚
2022 925 2377 988 desiderium

189 1021 509 1082 multarum
567 1043 769 1087 rerum
823 1027 1153 1090 alienarum
1214 1039 1270 1090 et
1313 1029 1584 1109 superbia
1632 1037 1690 1090 et
1732 1028 2104 1107 multiloquia
2150 1037 2210 1090 et
2251 1047 2378 1090 am·
2440 1027 2481 1089 5

187 1125 464 1187 bitiositas
517 1136 575 1188 et
633 1149 1022 1211 quaecunque
1079 1133 1172 1193 his
1227 1132 1434 1194 similia
1493 1140 1657 1196 sunt.
1716 1134 1863 1194 haec
1922 1152 2062 1213 ergo
2122 1151 2259 1194 cum
2313 1133 2376 1194 in

188 1230 358 1292 corde
427 1239 530 1292 tuo
602 1235 1011 1316 ascenderint,
1080 1235 1340 1316 intellige
1397 1236 1680 1316 quoniam
1740 1235 1996 1298 nuncius
2055 1236 2378 1317 iniquitatis

188 1341 270 1394 est
311 1342 530 1395 tecum.
575 1343 644 1396 tu
689 1355 830 1416 ergo
876 1357 1014 1400 cum
1061 1339 1409 1418 cognoveris
1455 1358 1634 1419 opera
1678 1338 1869 1420 illius,
1913 1341 2125 1401 recede
2170 1342 2242 1401 ab
2286 1340 2377 1401 his

189 1437 460 1500 omnihus
517 1447 576 1500 et
631 1439 778 1500 nihil
837 1440 922 1500 illi
979 1442 1220 1518 credaS,
1293 1443 1430 1520 quia
1487 1443 1643 1503 mala
1700 1450 1842 1503 sunt
1899 1461 2077 1522 opera
2118 1443 2279 1504 illius
2322 1453 2381 1504 et

187 1560 302 1602 non
362 1543 724 1604 conveniunt
755 1561 758 1564 ’
785 1543 966 1605 servis
1010 1544 1120 1606 dei.
1162 1545 1346 1606 habes
1389 1564 1532 1625 ergo
1579 1553 1973 1625 utrorumque
2018 1546 2375 1607 nunciorum
2400 1545 2479 1609 10

189 1662 381 1724 opera.
441 1645 704 1726 intellige
765 1666 928 1709 nunc
987 1658 1046 1709 et
1101 1649 1274 1711 crede
1331 1650 1552 1730 nuncio
1614 1649 1921 1729 aequitatis
1966 1653 2048 1723 [et
2090 1650 2300 1712 recede
2345 1669 2378 1710 a

187 1748 406 1809 nuncio
449 1747 837 1833 iniquitatis]‚
895 1751 1034 1831 quia
1075 1750 1347 1813 doctrina
1389 1752 1547 1813 illius
1590 1752 1742 1814 mala
1789 1761 1894 1814 est.
1937 1752 2075 1814 licet
2118 1752 2193 1813 sit
2236 1753 2378 1813 flde-

185 1850 443 1913 lissimus
485 1854 687 1935 homo,
736 1862 796 1915 et
839 1854 1114 1935 cogitatio
1147 1855 1326 1916 huius
1357 1856 1562 1918 nuncii
1586 1857 1865 1918 ascendat
1897 1855 1959 1916 in
1992 1856 2174 1918 corde
2199 1856 2378 1932 illius,

186 2055 251 2110 ab
284 2056 541 2134 operibus
576 2057 697 2113 eius
727 2073 776 2117 c.
811 2061 932 2114 vat.
969 2062 1053 2118 ed.
1085 2076 1167 2130 pr.
1204 2060 1336 2126 Cot„
1367 2061 1436 2116 ab
1471 2059 1724 2128 operibus
1762 2058 1878 2114 suis
1895 2058 1981 2124 D.,
2016 2057 2087 2112 ab
2122 2056 2377 2125 operibus

185 2141 364 2202 DreSS.
415 2175 482 2186 —
538 2144 666 2214 quia
698 2144 788 2201 hic
823 2152 908 2200 est
939 2147 1169 2202 nuncius
1207 2146 1508 2216 iniquitatis
1548 2161 1593 2200 c.
1628 2148 1689 2201 D.
1724 2145 1848 2201 Vat.
1884 2144 1970 2202 ed.
2005 2160 2085 2214 pr.
2122 2143 2376 2211 (nuncius

185 2229 379 2299 ubique
427 2231 592 2289 etiam
636 2231 828 2301 vict),
882 2232 1028 2288 hunc
1077 2249 1198 2289 esse
1245 2233 1462 2303 genium
1511 2231 1813 2302 iniquitatis
1860 2230 1975 2287 Cot.
1992 2273 2006 2298 ,
2056 2230 2201 2285 hunc
2255 2245 2377 2285 esse

185 2316 396 2383 genium
442 2317 758 2386 iniquitatis.
806 2324 862 2374 et
907 2319 1016 2374 dixi
1067 2320 1118 2374 ei
1165 2320 1352 2376 DreSS.
1387 2352 1457 2361 —
1527 2321 1576 2373 3.
1614 2319 1741 2387 quia
1774 2318 1893 2387 ipse
1928 2322 2013 2372 est
2044 2315 2102 2371 in
2136 2321 2191 2371 te
2226 2331 2276 2376 c.
2310 2317 2377 2372 D.

187 2401 262 2456 ed.
295 2419 406 2474 pr„
469 2403 598 2475 quia
644 2411 728 2459 est
777 2404 836 2458 in
880 2410 937 2461 te
971 2410 1122 2472 Vat.‚
1182 2421 1304 2461 eum
1354 2421 1477 2461 esse
1523 2405 1581 2460 in
1614 2411 1669 2460 te
1706 2404 1851 2473 Cot„
1910 2419 2035 2458 eum
2068 2402 2127 2457 in
2162 2407 2218 2456 te
2254 2416 2378 2456 esse

188 2485 365 2548 DreSS.
411 2521 482 2531 —
565 2493 612 2546 3.
660 2497 710 2545 4.
757 2493 1050 2549 multorum
1097 2507 1320 2563 operum
1365 2509 1411 2549 c.
1446 2490 1516 2546 D.
1549 2491 1673 2551 Vat.
1708 2491 1795 2550 ed.
1832 2506 1913 2560 pr.
1951 2509 2000 2549 v.
2018 2533 2031 2557 ‚
2088 2493 2378 2547 multarum

189 2591 340 2645 opum
375 2578 438 2636 Ο.
479 2608 543 2617 -
615 2582 668 2636 4.
704 2579 983 2635 ebrietatis
1015 2580 1424 2655 (μεθυσμάτωγ)
1457 2579 1683 2645 emend„
1720 2578 2009 2635 ebrietates
2044 2578 2103 2633 Β.
2137 2578 2205 2631 D.
2238 2578 2378 2645 Vct..

187 2662 507 2719 ebrietatum
554 2662 640 2720 ed.
686 2680 769 2734 pr.
820 2683 868 2721 v.
911 2696 982 2709 -
1041 2664 1368 2721 desiderium
1404 2681 1452 2725 c.
1490 2668 1613 2721 Vat.
1650 2665 1733 2720 ed.
1769 2681 1850 2734 pr.
1886 2666 1969 2733 (et
2001 2663 2375 2730 desiderium),

188 2746 574 2807 desideriorum
616 2750 708 2817 D.,
769 2758 824 2807 et
869 2752 1180 2822 appetentia
1211 2770 1258 2809 v.
1309 2781 1378 2792 -
1449 2756 1500 2809 5.
1546 2751 1884 2821 multiloquia
1930 2768 1975 2807 c.
2012 2750 2137 2807 Vat.
2172 2749 2259 2809 ed.
2295 2766 2377 2819 pr.

187 2852 257 2903 ι,
315 2836 557 2907 elloquia
601 2840 660 2891 D.
696 2866 764 2879 -
835 2842 881 2893 5.
922 2841 968 2893 6.
1018 2838 1374 2895 ambitiositas
1410 2856 1454 2895 c.
1490 2838 1611 2894 Vat.
1642 2838 1727 2894 ed.
1766 2853 1875 2908 pr„
1929 2837 2256 2894 ambiciones
2289 2835 2377 2909 D..

186 2924 400 2980 ambitio
431 2943 483 2981 -v.
522 2955 585 2966 -
613 2933 618 2937 '
663 2926 714 2982 6.
751 2925 840 2981 his
875 2943 919 2982 c.
953 2926 1020 2979 D.
1054 2926 1179 2983 Vat.
1215 2925 1297 2981 ed.
1332 2941 1446 2995 pr..
1496 2925 1567 2981 iis
1602 2944 1649 2980 v.
1685 2955 1755 2965 -
1824 2926 1873 2979 6.
1910 2925 1972 2996 7.,
1993 2924 2051 2980 in
2086 2924 2247 2981 corde
2280 2929 2376 2979 tuo

186 3013 236 3065 cl
261 3010 327 3067 D.
359 3011 519 3077 Vat„
571 3012 630 3066 in
675 3026 770 3067 cor
803 3017 953 3066 tuum
989 3012 1071 3067 ed.
1105 3028 1186 3081 pr.
1223 3030 1272 3069 v.
1311 3044 1380 3053 --
1449 3014 1500 3070 7.
1542 3014 1589 3067 8.
1627 3011 1879 3081 quoniam
1911 3010 2141 3066 nuncius
2180 3010 2377 3079 iniqui-

185 3097 310 3152 tatis’
341 3104 431 3153 est
465 3103 644 3153 tecum
683 3114 733 3154 c.
769 3100 828 3151 D.
854 3097 976 3153 Vat.
1011 3098 1186 3167 (quia)
1228 3100 1309 3155 ed.
1346 3116 1425 3170 pr.
1469 3098 1727 3167 (nuncius
1764 3098 1926 3154 etiam
1942 3097 2132 3165 Vict.),
2160 3097 2379 3166 genium

186 3182 484 3254 iniquitatis
517 3190 698 3239 tecum
735 3198 857 3239 esse
892 3202 938 3241 v.
977 3215 1044 3224 —
1115 3187 1163 3240 8.
1210 3185 1298 3242 his
1331 3200 1377 3239 e.
1410 3178 1478 3240 D.
1516 3185 1670 3252 Vat.,
1722 3184 1831 3241 illis
1869 3184 1952 3241 ed.
1986 3200 2067 3254 pr.
2104 3184 2251 3257 Cot„
2308 3183 2378 3239 iis

186 3268 366 3330 DresS.
409 3303 469 3313 -
545 3272 594 3328 9.
629 3269 820 3326 eredas
855 3288 901 3327 c.
934 3270 1002 3324 D.
1037 3271 1186 3337 vat..
1245 3272 1406 3327 crede
1441 3272 1527 3327 ed.
1562 3287 1643 3340 pr.
1657 3254 1725 3325 'v.
1768 3302 1827 3311 --
1903 3274 1984 3325 10.
2022 3270 2193 3326 servis
2227 3286 2273 3325 c.
2310 3269 2379 3328 D.

185 3355 302 3413 Vat.
338 3357 424 3414 ed.
461 3372 546 3429 pr.
583 3356 727 3422 Cot,
781 3371 934 3411 servo
967 3357 1151 3414 Dress.
1189 3388 1257 3399 -·
1330 3361 1410 3415 1⁰.
1448 3361 1534 3416 11.
1588 3357 1909 3414 nunciorum
1940 3371 2105 3426 opera
2150 3356 2235 3420 (cf.
2268 3362 2373 3427 gr.)

186 3456 230 3501 c.
264 3444 347 3499 ed.
384 3460 501 3514 pr„
563 3442 821 3500 nuncium
868 3459 1092 3512 operum
1131 3445 1196 3499 D.
1232 3444 1292 3500 L.
1329 3446 1454 3501 Vat.
1472 3486 1486 3512 ,
1538 3444 1821 3514 geniorum
1854 3459 2021 3513 opera
2050 3461 2100 3499 v.
2150 3472 2216 3507 —÷
2296 3446 2377 3498 11.

187 3530 377 3586 nuncio
412 3547 460 3586 c.
497 3534 559 3588 D.
581 3529 704 3585 Vat.
729 3530 865 3585 Vict.
901 3530 984 3586 ed.
1018 3546 1117 3600 pr„
1152 3532 1309 3601 genio
1343 3550 1390 3587 v.
1428 3560 1494 3571 —
1546 3534 1729 3588 11.12.
1769 3532 1849 3601 [et
1880 3529 2075 3586 recede
2112 3545 2147 3585 a
2179 3528 2375 3585 nuncio

185 3612 537 3685 iniquitatis]‚
583 3616 712 3685 quia.
757 3615 1000 3673 doctrina
1033 3616 1180 3672 illius
1214 3617 1358 3674 mala
1395 3623 1480 3673 est
1515 3620 1649 3688 (ἀπὸ
1687 3621 1744 3673 δὲ
1778 3626 1873 3673 τοῦ·
1906 3620 2117 3689 ἀγγέλου
2153 3624 2240 3683 τῆς
2280 3640 2375 3670 πο-

187 3711 354 3775 νηρίας
391 3706 691 3772 οἷπόστηθι,
746 3694 831 3757 ὅτι
867 3705 894 3773 ἦ
933 3706 1120 3775 διδαχὴ
1157 3706 1317 3759 αὖτοῦ
1359 3705 1561 3776 πονηρά
1597 3711 1708 3758 ἐστι
1742 3710 1905 3758 παντὶ
1938 3702 2097 3775 ἔργῳ)
2132 3702 2379 3771 supplevi

188 3795 238 3845 et
283 3790 569 3846 emendavi
605 3789 702 3859 (cf.
736 3789 870 3855 Pal.)
885 3831 899 3856 ‚
959 3790 1087 3860 quia
1122 3790 1366 3848 doctrina
1398 3791 1545 3847 illius
1580 3791 1719 3847 bona
1754 3795 1839 3846 est
1875 3790 2025 3846 codd.
2061 3794 2116 3843 et
2152 3788 2271 3846 edd.
2312 3818 2375 3832 -

190 3876 268 3935 12.
307 3878 440 3933 licet
473 3893 520 3933 c.
557 3876 622 3933 D.
657 3876 807 3942 Vat.,
843 3876 971 3932 licet
1005 3878 1149 3932 enim
1183 3878 1266 3933 ed.
1304 3894 1389 3948 pr.
1422 3897 1468 3934 v.
1506 3910 1575 3945 -,
1648 3880 1728 3935 12.
1769 3879 1852 3933 13.
1877 3875 2227 3933 fidelissimus
2262 3880 2376 3946 (m-

188 3964 461 4034 στότατος)
509 3980 555 4022 c.
596 3964 837 4033 Angero,
885 3963 1230 4020 felicissimus
1279 3964 1430 4022 codd.
1481 3969 1537 4020 et
1572 3964 1691 4021 edd.
1743 3992 1807 4004 —-
1880 3964 1957 4017 13.
1994 3961 2158 4018 huius
2194 3961 2377 4018 nuncii

187 4054 294 4115 (τοῦ
345 4052 566 4123 ἀγγέλου
613 4052 828 4117 τούτου)
870 4064 916 4103 c.
959 4052 1080 4108 Vat.
1114 4052 1286 4118 vict„
1323 4050 1507 4113 nuncii
1541 4052 1639 4118 D.,
1681 4050 1907 4107 alterius
1942 4050 2127 4113 nuncii
2162 4049 2247 4109 ed.
2282 4066 2384 4121 pn,

187 4135 408 4192 alterius
443 4136 592 4206 genii
625 4156 672 4194 v.
711 4166 778 4180 —
813 4136 974 4193 corde
1009 4153 1054 4191 c.
1088 4138 1157 4198 D.
1178 4139 1323 4206 Vat„
1361 4132 1462 4197 cor'
1487 4136 1575 4197 ed.
1618 4153 1698 4207 pr.
1732 4154 1781 4193 v.
1818 4164 1882 4177 -

206 4224 213 4232 ³
252 4225 643 4308 Hilgenfeld,
684 4245 870 4295 Hermae
907 4252 1076 4299 Pastor.
1931 4226 1974 4291 4
