3003 5080
1201 411 1313 467 viu.
1345 411 1414 478 11,
1455 415 1633 466 2-4,
2422 413 2495 478 11

321 583 434 646 deo
478 585 629 648 vivo.
669 594 728 647 et
771 583 1112 666 simplicitas
1149 593 1252 645 tua
1297 592 1358 645 et
1401 583 1581 646 nimia
1625 584 2019 666 continentia,
2089 585 2234 646 haec
2273 584 2503 646 salvum

313 689 588 750 fecerunt
627 698 716 763 te,
758 687 808 749 si
852 687 1247 767 permanseris
1269 732 1285 760 ,
1329 694 1389 748 et
1426 703 1637 748 omnes
1678 685 1871 748 salvos
1913 687 2115 763 faciet,
2160 687 2502 768 quicunque

314 790 722 852 huiuscemodi
763 797 1087 870 operantur
1132 799 1190 851 et
1229 789 1647 868 ingrediuntur
1686 788 1749 851 in
1790 789 2130 852 innocentia
2175 798 2233 851 et
2274 790 2499 869 simpli-

314 891 508 954 citate.
568 893 628 954 hi
671 893 772 971 qui
815 892 1152 954 huiusmodi
1196 899 1338 954 sunt
1379 891 1747 978 invalescunt
1784 893 2063 954 adversus
2106 910 2344 953 omnem
2394 911 2499 953 ne-

312 993 558 1074 quitiam
603 1004 662 1057 et
705 983 1145 1074 permanebunt
1181 995 1242 1056 in
1287 994 1465 1056 vitam
1510 1001 1827 1057 aeternam.
1879 981 2077 1056 felices
2122 1009 2349 1073 omneS,
2396 995 2496 1073 qui
2554 997 2596 1060 5

313 1107 641 1177 operantur
681 1099 982 1172 iustitiam,
1027 1117 1152 1159 non
1196 1096 1587 1186 absumentur
1626 1097 1689 1158 in
1730 1105 2058 1161 aeternum.
2101 1095 2258 1182 dices
2295 1103 2495 1158 autem

311 1199 561 1280 Magno:
633 1199 786 1262 Ecce
853 1201 1154 1262 tribulatio
1215 1200 1390 1261 venit.
1437 1199 1500 1261 =si
1557 1199 1665 1260 tihi
1724 1199 1986 1280 videtur,
2054 1200 2268 1262 iterum
2325 1219 2494 1280 nega.

312 1318 500 1382 prope
555 1311 644 1364 est
684 1304 961 1365 dominus
1005 1302 1485 1365 convertentibus
1505 1349 1521 1377 ,
1592 1302 1745 1386 sicut
1784 1302 2071 1384 scriptum
2116 1312 2206 1364 est
2246 1303 2308 1366 in
2354 1302 2494 1364 Hel-

313 1404 424 1466 dad
469 1412 530 1467 et
570 1405 814 1481 Modad,
860 1407 963 1487 qui
1002 1405 1298 1468 vaticinati
1333 1412 1478 1467 sunt
1519 1403 1581 1464 in
1632 1404 1953 1466 solitudine
1993 1404 2278 1486 populo“.

527 1504 898 1572 ⁴revel'atum
941 1516 1141 1571 autem
1189 1515 1278 1569 est
1315 1507 1493 1588 mihi,
1558 1506 1823 1581 fratreS,
1846 1507 2163 1569 dormienti
2205 1526 2236 1568 a
2280 1507 2491 1569 iuvene
2513 1511 2593 1574 10

311 1611 584 1690 specioso
626 1620 684 1673 et
727 1612 957 1674 dicente
996 1610 1176 1674 mihi:
1246 1613 1481 1687 „Anum
1526 1609 1724 1686 illam,
1766 1629 1800 1671 a
1844 1630 1958 1692 qua
2008 1593 2281 1690 accepisti
2322 1609 2493 1672 libel·-

315 1713 438 1774 lum
460 1759 476 1785 ,
541 1732 720 1795 quam
763 1723 936 1793 putas
981 1712 1198 1775 esse“?
1263 1724 1321 1775 et
1363 1732 1472 1794 ego
1520 1712 1669 1774 dixi:
1742 1712 2124 1794 „Sibyllam“.
2214 1712 2494 1789 „Erras“,

309 1815 535 1894 inquit,
599 1834 764 1892 „non
807 1818 956 1877 est“.
1047 1817 1248 1892 „Quae
1295 1835 1434 1895 ergo
1474 1823 1598 1890 est,
1642 1814 1965 1877 domine“‘l
2033 1825 2091 1877 et
2133 1816 2275 1877 dixit
2318 1816 2491 1877 mihi:

314 1917 614 1995 „Ecclesia
679 1922 830 1980 est“.
905 1929 963 1980 et
1019 1919 1137 1980 dixi
1193 1919 1265 1980 ad
1323 1918 1525 1979 illum:
1606 1918 1843 1993 „Quare
1900 1937 2043 1998 ergo
2106 1938 2254 1980 anus
2314 1916 2491 1980 est“?

313 2021 651 2094 „Quoniam
710 2021 980 2083 omnium
1034 2021 1197 2101 prior
1239 2029 1428 2082 creata
1473 2023 1628 2094 est“,
1671 2020 1894 2100 inquit,
1972 2021 2143 2098 „ideo
2186 2040 2367 2098 anuS,
2432 2030 2493 2084 et
2510 2025 2591 2091 15

309 2134 556 2204 propter
595 2125 759 2186 illam
804 2125 1064 2185 mundus
1106 2125 1296 2184 factus
1339 2125 1490 2185 est“.

525 2235 662 2307 post
717 2227 862 2288 haec
916 2237 1115 2288 autem
1170 2225 1454 2286 visionem
1512 2224 1629 2285 vidi
1670 2225 1731 2286 in
1777 2225 1953 2286 domo
1998 2245 2162 2301 mea,
2233 2236 2291 2289 et
2334 2228 2495 2288 venit

304 2326 409 2388 illa
452 2348 603 2390 anus
649 2339 709 2391 et
748 2329 1131 2409 interrogavit
1174 2347 1305 2408 me,
1347 2328 1396 2389 si
1437 2327 1554 2388 iam
1600 2328 1863 2389 libellum
1910 2329 2197 2392 dedissem
2242 2331 2491 2392 seniori·-

307 2511 390 2565 pr.
428 2513 474 2552 v.
523 2527 582 2537 -
633 2497 744 2552 tuis
790 2498 1000 2568 magnis
1044 2496 1110 2553 6.
1158 2531 1228 2543 --
1300 2475 1562 2554 1.*nimia
1608 2511 1657 2553 c.
1702 2495 1769 2554 D.
1805 2496 1868 2551 G.
1905 2496 2027 2553 Vat.
2074 2496 2157 2552 ed.
2206 2513 2317 2565 pr.,
2378 2497 2495 2553 sin-

305 2583 512 2653 gularis
546 2601 595 2638 v.
629 2612 696 2623 —
737 2586 874 2639 haec
915 2585 1135 2654 (ταῦτα)
1169 2600 1214 2638 c.
1250 2583 1316 2640 D.
1349 2584 1505 2649 Vat.,
1566 2598 1667 2637 om.
1706 2583 1787 2639 ed.
1823 2599 1901 2653 pr.
1938 2601 1987 2640 v.
2026 2612 2093 2622 --
2162 2586 2213 2641 2.
2246 2583 2491 2639 fecerunt

303 2684 354 2725 c.
386 2669 452 2725 D.
489 2669 638 2740 Vat.,
671 2670 876 2726 facient
909 2670 995 2728 ed.
1028 2684 1107 2738 pr.
1145 2687 1192 2725 v.
1231 2698 1292 2710 —
1339 2668 1507 2724 faciet
1544 2669 1744 2737 (σώζει)
1779 2685 1824 2723 c.
1860 2669 1925 2723 D.
1962 2668 2115 2733 Vat.,
2164 2668 2369 2724 facient
2402 2670 2489 2727 ed.

301 2770 388 2824 pr.
419 2771 468 2810 v.
504 2786 570 2796 —
634 2760 683 2809 3.
718 2754 1089 2811 huiuscemodi
1117 2770 1159 2807 c.
1196 2754 1322 2813 Vat.
1355 2772 1420 2822 v.‚
1458 2754 1768 2809 huiusmodi
1802 2754 1883 2808 ed.
1917 2769 2017 2824 pr„
2051 2752 2213 2808 huius
2249 2753 2314 2807 D.
2348 2756 2491 2821 (sae-

300 2839 468 2910 pius).
508 2872 566 2882 —-
622 2848 914 2911 operantur
944 2858 988 2895 c.
1023 2840 1092 2895 D.
1128 2841 1210 2897 ed.
1244 2858 1328 2912 pr.
1365 2859 1415 2898 v.
1431 2882 1444 2908 ‚
1492 2846 1743 2910 operatur
1777 2840 1898 2894 Vat.
1935 2868 2000 2881 -
2070 2846 2118 2895 4.
2154 2842 2489 2901 invalescunt

302 2939 352 2985 c.
375 2924 439 2979 D.
457 2926 602 2992 vat..
637 2927 969 2983 invalescent
986 2928 1069 2983 ed.
1083 2942 1162 2999 pr.
1179 2945 1228 2983 v.
1248 2958 1319 2968 —
1370 2930 1419 2982 4.
1443 2930 1488 2980 5.
1526 2940 1734 2981 omnem
1767 2926 2062 2994 nequitiam
2096 2945 2140 2984 c.
2162 2929 2225 2983 D.
2244 2930 2366 2985 Vat.
2402 2932 2487 2989 ed.

301 3028 388 3083 pr.
421 3012 570 3082 (add.
609 3029 644 3069 a
678 3013 968 3083 nequitia),
1010 3014 1196 3070 omnes
1230 3012 1500 3081 nequitias
1527 3028 1573 3067 v.
1620 3040 1683 3051 -
1756 3012 1803 3065 6.
1836 3011 2189 3070 absumentur
2219 3032 2263 3071 c.
2298 3016 2366 3071 D.
2402 3018 2487 3074 ed.

300 3113 382 3166 pr.
417 3116 486 3163 r.‚
519 3108 866 3155 assumentur
897 3097 1020 3155 Vat.
1054 3130 1119 3139 -—
1153 3100 1212 3154 in
1245 3105 1525 3155 aeternum
1559 3113 1604 3152 c.
1638 3096 1706 3154 D.
1730 3097 1796 3154 G.
1817 3096 1938 3153 Vat.
1978 3098 2047 3154 ed
2081 3117 2181 3169 pr„
2216 3118 2388 3171 usque
2428 3104 2487 3159 in

300 3182 467 3239 vitam
485 3192 825 3241 aeternamv.
844 3214 912 3225 ——
948 3189 997 3244 7.
1014 3186 1211 3255 Magno
1231 3184 1476 3256 (Μαξίμ
1467 3188 1546 3251 20:
1580 3184 1722 3251 Ecce
1741 3185 1963 3250 emend„
1988 3202 2183 3255 magna
2201 3202 2326 3245 ecce
2345 3188 2489 3256 Vat.‚

301 3284 498 3337 magna
525 3285 652 3325 vere
685 3270 781 3335 D.,
829 3286 952 3327 ecce
990 3287 1185 3339 magna
1217 3271 1300 3327 ed.
1335 3286 1415 3342 pr.
1449 3288 1499 3329 v.
1540 3298 1602 3311 —
1674 3272 1723 3325 8.
1760 3273 1808 3325 9.
1851 3271 1908 3325 ἰιι
1940 3272 2153 3330 Heldad
2198 3280 2254 3329 et
2288 3275 2491 3332 Modad

301 3370 352 3410 c.
387 3352 478 3418 6.
533 3356 591 3411 in
625 3356 798 3412 Helda
832 3364 888 3411 et
922 3356 1086 3411 Meda
1119 3356 1212 3423 D,
1263 3358 1283 3413 i
1316 3357 1478 3413 nelda
1522 3362 1579 3412 et
1608 3356 1628 3411 i
1664 3358 1825 3413 nelda
1857 3357 2011 3425 Vat,
2066 3359 2123 3415 in
2158 3360 2385 3416 Heldam
2432 3363 2493 3415 et'

299 3438 487 3496 Modal
521 3442 604 3497 ed.
639 3458 719 3511 pr.
752 3459 800 3496 v.
834 3470 902 3483 -

444 3529 525 3582 10.
561 3533 743 3582 autem
778 3528 886 3597 (δὲ)
921 3543 968 3584 c.
1004 3528 1091 3585 ed.
1127 3544 1208 3597 pr.
1242 3545 1322 3595 v„
1356 3544 1462 3588 om.
1494 3530 1563 3587 D.
1594 3530 1717 3586 vat.
1752 3558 1821 3572 -
1880 3530 2045 3594 mihi,
2096 3530 2321 3597 fratrea,
2355 3533 2488 3602 (μοι,

302 3612 546 3680 &balmon
575 3628 620 3669 c.
657 3613 743 3669 ed.
777 3630 859 3682 pr.
900 3629 946 3668 v.
966 3655 981 3680 ‚
1015 3614 1212 3669 fratres
1247 3614 1400 3680 Vat„
1439 3621 1555 3671 soto
1589 3616 1659 3670 D.
1700 3644 1759 3657 -·
1800 3618 2084 3675 dormienti
2114 3631 2162 3675 c.
2180 3618 2245 3671 D.
2288 3617 2373 3673 ed.
2407 3633 2488 3686 pr.

301 3714 382 3762 r.‚
417 3696 712 3753 dormiente
744 3698 868 3756 Vat.
914 3730 980 3740 —
1059 3704 1137 3756 12.
1174 3706 1230 3755 et
1262 3716 1360 3770 ego
1394 3701 1588 3757 dixic.
1626 3702 1748 3759 Vat.
1782 3694 1980 3775 ed'pr.
2022 3721 2098 3768 ν..
2154 3709 2208 3757 et
2243 3703 2353 3759 dixi
2390 3719 2492 3775 ego

302 3781 373 3839 D.
425 3810 490 3823 —-
546 3782 789 3840 Sibillam
822 3784 916 3850 D.‚
971 3786 1215 3861 sybillam
1259 3788 1343 3842 ed.
1386 3802 1468 3857 pr.
1514 3817 1585 3829 —
1656 3790 1737 3843 13.
1793 3788 1944 3859 Quae
1990 3805 2116 3859 crgo
2164 3796 2249 3845 est
2282 3806 2331 3847 c.
2365 3790 2490 3849 Vat.

302 3866 390 3925 ed.
424 3885 534 3939 ρι’..
592 3869 744 3940 Quae
779 3878 865 3927 est
898 3887 1026 3941 ergo
1060 3870 1126 3928 D.
1162 3890 1210 3927 v.
1245 3904 1314 3914 —
1365 3872 1501 3928 dixit
1535 3890 1579 3931 c.
1616 3873 1740 3932 Vat.
1775 3875 1860 3932 ed.
1894 3892 1975 3946 pr.
2009 3894 2090 3941 ν..
2147 3876 2261 3931 dixi
2300 3877 2369 3932 D·.
2422 3902 2491 3922 -ι

307 3954 392 4012 14.
426 3954 676 4011 Ecclesia
710 3964 796 4012 est
827 3960 918 4025 (Ἡ
944 3963 1208 4025 ἐκκλησία)
1241 3972 1286 4013 c.
1321 3958 1404 4023 D.,
1438 3960 1687 4017 Ecclesia
1720 3961 1808 4017 dei
1843 3968 1927 4017 est
1942 3959 2062 4019 Vat.
2098 3964 2184 4021 ed.
2218 3979 2303 4033 pr.
2338 3978 2390 4022 v.
2420 3986 2494 4005 ....

305 4042 390 4097 ¹5.
441 4038 707 4111 Quoniam
750 4044 987 4099 omnium
1037 4043 1184 4114 prior
1216 4052 1400 4100 creata
1433 4052 1545 4112 est,
1598 4047 1775 4117 inquit
1823 4050 1991 4113 (Ὅιι,
2046 4060 2227 4118 φησίν,
2277 4050 2499 4106 πάντων

305 4128 484 4197 πρώτη
520 4129 764 4197 ἐκτίσθη)
797 4142 842 4184 c.
877 4129 943 4184 D.
978 4129 1153 4200 (prior
1185 4131 1448 4202 omnium)
1484 4132 1638 4200 Vat,
1692 4134 1985 4203 Quoniam,
2020 4136 2219 4207 inquit,
2257 4137 2495 4193 omnium

308 4214 452 4283 prior
488 4224 669 4269 creata
707 4222 789 4269 est
825 4214 907 4269 ed.
941 4231 1023 4284 pr.
1057 4231 1104 4269 v.
1138 4215 1374 4285 (prima).
1414 4247 1478 4259 -
