3003 5080
1097 448 1266 504 simil.
1307 448 1398 513 1x,
1437 452 1483 504 ι.
1522 453 1573 505 2.
2309 454 2437 519 117

248 629 436 684 autem
502 643 541 684 n
590 631 845 705 quatuor
885 625 1155 705 partibus
1184 632 1412 705 portae.
1461 610 1787 687 intererant
1814 634 2009 687 autem
2040 627 2434 707 intergerinae

249 744 446 787 earum
490 726 780 807 virginum
801 775 818 805 ,
875 736 934 789 et
978 730 1086 791 hae
1125 729 1333 803 binae,
1391 728 1632 791 vestitae
1676 737 1845 790 erant
1887 728 2081 790 linteis
2125 730 2339 792 tunicis
2377 742 2435 794 et

248 830 522 891 decenter
562 830 890 907 incinctae,
949 832 1162 895 exertis
1205 831 1460 893 brachiis
1505 832 1756 907 dextris,
1828 840 2130 913 tamquam
2176 832 2431 912 aliquem

246 933 462 994 fascem
520 934 834 997 levaturae.
905 936 990 997 sic
1035 943 1206 998 erant
1249 943 1523 1016 paratae;
1593 937 1972 997 vehementer
2018 935 2176 997 enim
2219 936 2434 998 hilares

245 1046 413 1099 erant
457 1046 632 1118 atque
676 1048 1006 1120 promptae.
1051 1040 1198 1102 haec
1235 1058 1373 1100 cum
1417 1039 1729 1113 vidissem,
1805 1058 2037 1101 mecum
2083 1039 2209 1119 ipse
2254 1039 2433 1100 mira-
2490 1035 2533 1099 5

242 1140 382 1214 har,
458 1142 620 1221 quod⁴
677 1150 799 1203 tam
859 1162 1106 1224 magnas
1151 1151 1210 1204 et
1252 1142 1585 1223 praeclaras
1629 1162 1725 1204 res
1771 1143 2051 1207 viderem.
2122 1151 2180 1204 et
2224 1161 2433 1204 rursus

243 1244 499 1305 mirabar
556 1252 800 1326 propter
857 1245 1116 1326 virgines
1175 1246 1339 1322 illas,
1415 1247 1575 1327 quod
1632 1255 1750 1309 tam
1816 1246 2092 1309 delicatae
2137 1256 2333 1308 essent
2375 1254 2436 1307 et

241 1348 318 1408 ita
385 1348 616 1411 fortiter
657 1357 918 1425 starent,
989 1360 1291 1429 tamquam
1331 1358 1522 1413 totum
1569 1349 1799 1412 coelum
1844 1350 2207 1431 portandum
2252 1348 2433 1411 habe-

242 1450 392 1511 rent.
435 1459 493 1512 et
535 1471 673 1514 cum
716 1453 862 1515 haec
905 1452 1061 1515 intra
1106 1471 1202 1515 me
1249 1451 1631 1532 disputarem,
1676 1452 1755 1515 ait
1797 1454 1870 1514 ad
1914 1474 2011 1515 me
2054 1460 2256 1533 pastor
2298 1453 2430 1515 ille:

244 1555 434 1632 „Quid
499 1555 654 1617 intra
696 1565 755 1617 te
799 1556 1062 1635 disputas
1106 1565 1286 1635 atque
1329 1556 1625 1637 torqueris
1666 1565 1725 1618 et
1767 1557 1891 1638 ipse
1935 1557 2039 1618 tibi
2083 1556 2430 1618 sollicitudi-
2454 1549 2532 1614 10

241 1678 376 1721 nem
421 1656 711 1720 adducis?
775 1677 1166 1738 quaecunque
1210 1679 1332 1722 non
1377 1670 1547 1739 potes
1589 1659 1949 1739 intelligere,
2021 1660 2144 1722 noli
2178 1679 2432 1741 perpen-

241 1762 412 1837 dere,
455 1771 755 1842 tamquam
803 1762 851 1823 si
893 1762 1129 1843 sapiens
1173 1763 1283 1840 sis;
1330 1764 1435 1825 sed
1478 1781 1622 1843 roga
1666 1764 2009 1839 dominum,
2082 1772 2146 1825 ut
2188 1770 2429 1843 accepto

241 1884 422 1927 sensu
466 1865 760 1947 intelligas
803 1885 890 1929 ea.
939 1884 1328 1946 quaecunque
1373 1874 1511 1947 post
1552 1875 1609 1929 te
1654 1875 1797 1929 sunt
1843 1886 1965 1928 non
2010 1874 2180 1947 potes
2211 1866 2431 1945 videre,

240 1988 391 2048 quae
450 1988 589 2031 vero
653 1977 794 2031 sunt
851 1978 987 2031 ante
1030 1978 1087 2031 te
1131 1970 1309 2034 vides,
1370 1965 1431 2030 in
1477 1970 1570 2031 his
1614 1970 1827 2050 igitur,
1901 1990 2051 2051 quae
2094 1989 2215 2030 non
2263 1977 2431 2050 potes

237 2072 472 2147 videre,
543 2072 668 2135 noli
727 2056 994 2151 torqueri
1053 2081 1111 2135 et
1166 2091 1370 2134 eorum
1419 2073 1761 2164 dominare,
1809 2094 1959 2154 quae
2002 2074 2179 2135 videS.
2228 2066 2529 2133 desine15

377 2260 422 2313 1.
456 2259 701 2327 partibus
736 2275 781 2315 c.
815 2259 939 2315 Vat.
976 2259 1062 2317 ed.
1096 2274 1177 2328 pr.
1211 2276 1287 2325 v.,
1345 2258 1562 2328 angulis
1592 2260 1659 2314 D.
1702 2289 1761 2301 -
1839 2262 1882 2314 1.
1918 2264 1970 2317 2.
2002 2259 2301 2313 intererant
2334 2272 2433 2312 au·

231 2348 338 2399 tem
376 2342 738 2415 intergerinae
773 2359 961 2400 earum
998 2344 1276 2415 virginum,
1315 2350 1370 2399 et
1385 2346 1492 2400 hae
1509 2346 1669 2402 binae
1692 2348 1817 2415 (ἀνὰ
1836 2354 1994 2419 μέσον
2017 2348 2189 2399 αὐτῶν
2212 2346 2310 2399 ἀνὰ
2334 2345 2429 2397 δύο

233 2432 514 2502 παρθένοι)
535 2432 740 2487 emend.
761 2431 913 2511 (σίζει.
927 2436 958 2486 6
979 2449 1030 2501 p.
1047 2434 1162 2497 122,
1181 2434 1260 2487 15.
1275 2446 1320 2487 c.
1341 2432 1450 2500 15),
1470 2432 1650 2489 inerat
1666 2439 1847 2489 autem
1864 2435 2006 2489 inter
2022 2447 2223 2501 genera
2243 2446 2430 2487 earum

232 2516 524 2588 virginum,
565 2523 619 2572 et
650 2517 756 2574 hae
790 2518 952 2575 binae
986 2518 1118 2573 Mss.
1155 2518 1310 2586 Angl.
1328 2558 1342 2582 ,
1378 2516 1556 2574 inerat
1590 2524 1771 2574 autem
1804 2520 1947 2574 inter
1980 2518 2208 2590 gratiam
2245 2532 2431 2572 earum

231 2603 496 2673 virginum
533 2608 586 2657 et
618 2603 689 2658 he
727 2605 853 2662 bine
894 2606 1013 2660 Vat.
1028 2645 1043 2672 ,
1078 2604 1255 2658 inerat
1289 2609 1472 2659 autem
1506 2605 1648 2660 inter
1680 2605 1911 2675 gratiam
1946 2620 2131 2661 earum
2166 2603 2429 2672 virginum

233 2695 286 2744 et
319 2689 429 2745 hae
463 2691 601 2745 bene
636 2691 702 2749 D.
717 2731 730 2756 ,
768 2696 888 2746 erat
920 2697 1104 2746 autem
1139 2696 1194 2746 et
1227 2691 1284 2745 id
1319 2691 1390 2746 ad
1425 2691 1657 2762 gratiam
1690 2691 1905 2746 illarum
1941 2691 2231 2760 virginum,
2288 2689 2431 2758 quod

231 2775 357 2831 illae
411 2775 571 2831 binae
615 2773 670 2831 et'
713 2777 874 2833 binae
921 2777 1004 2832 ed.
1040 2792 1121 2846 pr.
1155 2795 1208 2833 v.
1263 2805 1329 2820 -
1402 2780 1450 2831 2.
1494 2776 1725 2834 vestitae
1767 2784 1923 2832 erant
1965 2779 2322 2846 (ἐνδεδυμέναι
2370 2779 2429 2829 δὲ

235 2857 390 2931 ἦσαν)
426 2879 471 2918 c.
505 2862 589 2918 ed.
623 2877 703 2932 pr.
740 2881 808 2926 v.,
845 2862 1073 2918 vestitae
1107 2863 1170 2916 D.
1218 2864 1337 2919 Vat.
1365 2863 1497 2919 Mss.
1526 2864 1684 2932 Angl.
1724 2894 1793 2903 -
1826 2863 2008 2917 linteis
2046 2879 2095 2922 c.
2117 2863 2249 2918 Mss.
2269 2863 2428 2930 Angl.

234 2949 316 3005 ed.
363 2964 445 3018 pr.
493 2967 569 3014 v..
626 2947 754 3002 line·
849 2948 916 3005 D.
963 2948 1086 3004 Vat.
1145 2977 1210 2988 —
1295 2953 1344 3004 3.
1393 2949 1669 3008 decenter,
1694 2949 1959 3006 incinctae
1986 2951 2431 3020 (περιεζωσμέναι

235 3037 529 3107 εὐπρεπῶς)
577 3049 732 3090 emen
771 3074 811 3099 .,
867 3034 1052 3090 decem
1099 3034 1364 3091 incinctae
1398 3036 1485 3102 L.‚
1540 3037 1723 3093 decem
1770 3035 1993 3094 intincte
2028 3035 2091 3091 D.
2133 3036 2253 3090 Vat.
2268 3075 2281 3100 ,
2337 3034 2430 3088 de-

235 3128 418 3177 center
452 3122 759 3178 succinctae
794 3121 876 3176 ed.
909 3137 989 3191 pr.
1023 3139 1074 3179 v.
1109 3153 1180 3164 —·
1212 3123 1410 3178 exertis
1445 3138 1492 3179 c.
1530 3122 1588 3176 O.
1621 3122 1688 3176 D.
1712 3121 1853 3178 Vict.
1887 3122 2019 3176 Mss.
2038 3121 2194 3190 Angl.
2230 3121 2311 3192 ed.
2346 3136 2425 3189 pr.

235 3227 308 3273 v.,
367 3209 574 3264 exercin
612 3210 738 3264 Vat.
779 3239 847 3249 -
900 3208 1102 3263 dextris
1145 3222 1191 3265 c.
1225 3207 1292 3263 D.
1329 3207 1412 3263 ed.
1449 3224 1528 3277 pr.
1566 3225 1643 3273 v.‚
1698 3207 1931 3262 dexteris
1970 3209 2095 3264 Vat.
2153 3237 2220 3247 —
2292 3210 2339 3260 3.
2378 3212 2428 3263 4.

235 3293 470 3364 aliquem
502 3293 700 3349 fastem
733 3294 815 3360 D.‚
849 3295 1086 3364 aliquam
1118 3293 1322 3349 fascem
1344 3293 1485 3358 Vat.‚
1520 3293 1726 3350 fascem
1760 3294 1997 3364 aliquem
2032 3294 2116 3352 ed.
2151 3310 2231 3364 pr.
2266 3313 2315 3350 v.
2362 3323 2424 3333 —

238 3384 284 3434 6.
319 3395 514 3435 rursus
547 3397 592 3454 c.
631 3383 757 3438 Vat.
793 3381 878 3435 ed.
911 3397 990 3450 pr.
1026 3399 1104 3445 v.‚
1151 3394 1368 3434 rursum
1401 3379 1465 3434 D.
1524 3409 1588 3420 —
1662 3381 1709 3435 7.
1744 3381 1981 3434 mirabar
2016 3380 2345 3452 (διηπόρουν)
2375 3394 2427 3434 c.

235 3466 356 3522 Vat.
393 3465 478 3524 ed.
514 3482 596 3535 pr.
629 3485 696 3532 ι,
731 3467 983 3523 movebar
1018 3467 1084 3522 D.
1117 3465 1176 3520 L.
1214 3465 1334 3521 fort.
1370 3466 1689 3535 legendumz
1731 3467 2024 3535 torquebar
2059 3466 2128 3524 cf.
2163 3468 2201 3524 l.
2242 3468 2322 3523 1o.
2360 3493 2423 3504 —

236 3553 380 3622 qnod
430 3558 543 3607 tam
589 3553 852 3608 delicatae
898 3558 1083 3608 essent
1114 3570 1160 3609 c.
1195 3553 1260 3608 D.
1295 3553 1417 3608 Vat.
1456 3553 1591 3608 Mss.
1626 3553 1783 3621 Angl.
1800 3593 1815 3620 ,
1872 3553 2017 3620 quod
2050 3559 2161 3608 tam
2195 3551 2425 3606 decorae

237 3644 291 3692 et
323 3638 588 3694 delicatae
623 3645 808 3694 essent
840 3638 926 3695 ed.
961 3654 1040 3708 pr.
1069 3657 1116 3694 v.
1151 3669 1218 3680 -—
1255 3641 1307 3692 8.
1342 3637 1557 3692 fortiter
1592 3653 1636 3694 c.
1655 3639 1722 3696 D.
1740 3638 1801 3692 L.
1826 3642 1961 3705 vat„
1997 3643 2305 3694 constanter
2340 3637 2426 3694 ed.

236 3739 313 3791 pr.
327 3765 342 3790 ,
379 3729 688 3781 constanter
720 3740 787 3780 ac
819 3723 1032 3781 fortiter
1065 3743 1112 3780 v.
1153 3755 1212 3766 —
1289 3729 1336 3781 8.
1373 3725 1422 3780 9.
1458 3724 1781 3792 portandum
1816 3724 2077 3780 haberent
2111 3741 2155 3779 c.
2191 3724 2259 3781 D.
2299 3725 2426 3781 Vat.

236 3809 366 3865 Mss.
412 3810 571 3878 Angl.
592 3851 606 3876 ,
659 3815 975 3879 portaturae
1023 3811 1108 3866 ed.
1141 3827 1219 3881 pr.
1255 3829 1303 3868 v.
1360 3842 1428 3852 —
1499 3815 1547 3866 9.
1584 3810 1919 3878 disputarem
1954 3827 1999 3865 c.
2030 3810 2097 3864 D.
2142 3811 2257 3864 Vat.
2292 3810 2425 3863 Mss.

237 3895 410 3964 Angl.,
446 3894 736 3965 cogitarem
771 3896 856 3953 ed.
890 3912 974 3964 pr.
1009 3914 1055 3953 v.
1092 3927 1158 3936 —
1198 3899 1278 3952 10.
1313 3903 1476 3966 atque
1517 3896 1790 3965 torqueris
1825 3913 1870 3952 c.
1893 3896 1961 3952 D.
1997 3895 2082 3953 ed.
2116 3912 2197 3964 pr.
2232 3913 2297 3963 v.,
2332 3901 2430 3956 aut

239 3981 522 4050 conqueris
539 3983 660 4037 Vat.
688 4012 739 4022 -
788 3987 869 4038 11.
906 3982 1129 4040 adducis
1163 3999 1207 4037 c.
1231 3983 1296 4038 D.
1320 3985 1444 4039 Vat.
1463 3982 1597 4036 Mss.
1619 3983 1793 4050 Angl.,
1828 3981 2017 4036 adiicis
2056 3981 2137 4037 ed.
2173 3997 2253 4052 pr.
2288 3998 2338 4038 v.
2366 4012 2425 4022 -—

242 4069 321 4121 11.
361 4069 442 4122 12.
493 4069 827 4138 perpendere
873 4086 919 4126 c.
955 4069 1021 4124 D.
1056 4069 1120 4130 L.
1155 4069 1302 4136 Van,
1357 4067 1638 4124 attendere
1686 4068 1772 4122 ed.
1806 4082 1883 4136 pr.
1905 4069 1969 4121 'v.
2021 4098 2089 4108 --
2162 4069 2241 4121 13.
2275 4074 2428 4138 potes

239 4153 414 4221 (δύνῃ)
446 4167 493 4206 c.
525 4153 650 4211 Vat.
687 4155 773 4211 ed.
809 4171 890 4223 pr.
927 4173 1003 4220 v.‚
1038 4154 1244 4224 poteris
1277 4154 1342 4209 D.
1382 4185 1448 4194 -
1485 4156 1491 4168 ’
1523 4155 1605 4211 14.
1643 4167 1781 4222 quae
1816 4169 1861 4208 c.
1897 4153 1961 4208 D.
2000 4153 2085 4212 ed.
2119 4169 2201 4223 pr.
2235 4172 2301 4220 v.,
2338 4154 2429 4224 qui

239 4238 364 4296 Vat.
400 4268 468 4279 —
542 4244 622 4297 15.
667 4238 908 4310 torqueri
942 4257 989 4297 c.
1024 4238 1087 4293 D.
1139 4241 1222 4296 ed.
1256 4256 1336 4311 pr.
1353 4278 1366 4304 ,
1421 4243 1673 4309 torquere
1711 4239 1835 4296 Vat.
1868 4256 1920 4298 v.
1955 4269 2023 4279 -
2075 4233 2349 4296 dominare
2384 4258 2429 4296 c.
