3003 5080
1046 383 1232 442 Mand.
1267 383 1334 452 V,
1355 389 1404 440 2.
1450 384 1539 452 vl,
1580 386 1629 440 1.
2342 391 2427 456 47

228 559 409 634 nieris
471 577 607 622 cum
669 559 946 640 pudicitia
1003 570 1065 624 et
1124 561 1360 625 caritate
1419 582 1450 623 a
1512 561 1642 621 deo.
1719 560 1847 622 vide
1906 580 2081 644 ergo,
2160 583 2233 624 ne
2274 565 2424 627 forte

227 663 492 743 negligas
541 664 656 726 hoc
714 664 1077 728 mandatum.
1141 666 1189 726 si
1245 684 1386 745 ergo
1443 665 1583 727 huic
1636 667 1912 730 mandato
1957 666 2421 729 dominationem

225 767 435 845 egem,
466 775 525 828 et
549 776 740 830 cetera
771 769 1048 831 mandata
1076 788 1227 843 mea,
1274 787 1424 848 quae
1451 769 1556 830 tibi
1587 772 1976 832 mandaturus
2006 789 2159 846 sum,
2203 772 2423 851 poteris

221 888 476 932 servare.
537 873 821 934 confirma
862 891 1026 934 nunc
1067 881 1125 934 te
1166 872 1228 934 in
1271 873 1561 936 mandatis
1604 874 1761 956 istis,
1833 885 1901 936 ut
1944 874 2101 935 vivas
2144 875 2290 956 deo,
2363 885 2424 937 et

224 973 568 1053 quicunque
611 974 972 1038 servaverint
1016 977 1162 1038 haec
1207 977 1484 1042 mandata
1528 977 1729 1038 vivent
1768 977 1899 1038 deo.
2482 981 2523 1042 5

984 1171 1478 1243 mandatum
1528 1171 1668 1244 VI.

443 1292 1009 1378 ¹„Praeceperam“‚
1054 1297 1266 1379 inquit,
1317 1296 1460 1374 „tibi
1503 1297 1562 1359 in
1606 1295 1799 1379 primo
1846 1297 2157 1379 mandato,
2203 1305 2270 1358 ut
2312 1315 2417 1358 cu·

215 1395 470 1458 stodires
513 1397 688 1460 fidem
736 1406 794 1461 et
837 1399 1110 1462 timorem
1157 1409 1216 1461 et
1256 1400 1734 1462 abstinentiam“.
1812 1401 2105 1483 „Etiam“,
2150 1401 2415 1479 inquam,

215 1498 565 1574 „domine“.
668 1503 822 1579 „Sed
895 1523 1059 1565 nunc
1135 1505 1270 1565 volo
1341 1504 1443 1566 tibi
1504 1513 1836 1566 monstrare
1896 1504 2139 1566 virtutes
2196 1503 2412 1564 horum

213 1604 673 1679 mandatorum,
745 1615 812 1670 ut
865 1607 1014 1670 scias
1057 1607 1301 1670 effectus
1343 1609 1604 1671 illorum.
1650 1607 1888 1689 [duplex
1935 1607 2095 1668 enim
2140 1614 2228 1668 est
2273 1607 2412 1667 effe·
2434 1613 2513 1677 10

215 1715 347 1768 ctus
394 1707 681 1791 illorum]‚
730 1710 1012 1788 quoniam
1056 1712 1242 1792 posita
1289 1722 1429 1773 sunt
1471 1712 1545 1772 ad
1587 1712 1809 1774 iustum
1856 1719 1915 1772 et
1956 1710 2260 1775 iniustum.
2308 1710 2411 1770 sed

211 1818 275 1872 tu
324 1813 500 1876 crede
541 1813 720 1890 iusto,
766 1813 982 1876 iniusto
1029 1822 1226 1876 autem
1274 1815 1420 1876 nihil
1465 1814 1690 1876 credaS.
1735 1814 1950 1876 iustitia
1998 1814 2157 1876 enim
2188 1823 2410 1876 rectam

212 1913 364 1976 viam
429 1914 637 1992 habet,
711 1917 991 1979 iniustitia
1046 1937 1306 1998 pravam.
1379 1919 1481 1980 sed
1540 1925 1603 1981 tu
1663 1927 1884 1981 rectam
1947 1918 2095 1979 viam
2156 1918 2408 1999 custodi,

209 2036 458 2097 pravam
531 2029 726 2083 autem
788 2021 1072 2102 relinque.
1141 2037 1319 2102 prava
1379 2032 1575 2084 autem
1635 2022 1725 2083 via
1783 2041 1907 2082 non
1964 2021 2139 2084 habet
2189 2022 2409 2083 exitum
2455 2037 2465 2084 ἱ

207 2119 480 2204 bonum,
549 2123 654 2184 sed
698 2125 1052 2188 offendicula
1096 2125 1280 2192 multa
1323 2125 1519 2188 habet.
1585 2144 1792 2207 aspera
1838 2132 1895 2187 et
1938 2124 2176 2205 spinosa
2221 2132 2309 2186 est
2352 2134 2411 2187 et
2432 2136 2511 2199 15

353 2292 402 2346 1.
449 2294 506 2346 et
549 2290 775 2350 caritate
821 2311 857 2351 8.
902 2295 1003 2352 deo
1051 2291 1168 2366 (τῆς
1221 2293 1543 2367 ἦγαπημένης
1592 2295 1696 2348 ὑπὸ
1735 2303 1829 2348 τοῦ
1864 2297 2028 2362 θεοῦ)
2062 2294 2298 2361 emend„
2355 2299 2411 2350 et

209 2376 463 2433 castitate
500 2395 534 2434 a
567 2378 668 2436 deo
705 2379 793 2437 ed.
825 2393 904 2450 pr.
942 2395 1022 2446 v„
1076 2385 1132 2436 et
1166 2375 1416 2436 castitate
1451 2377 1555 2436 deo
1591 2383 1735 2446 vat„
1791 2384 1846 2436 et
1886 2379 2124 2450 equitate
2158 2385 2216 2435 et
2246 2379 2408 2436 casti-

208 2466 320 2519 tate
351 2463 457 2520 deo
480 2469 544 2524 D.
579 2497 647 2508 —
681 2465 1014 2536 negligantes
1047 2466 1116 2521 D.
1147 2495 1216 2506 —
1251 2481 1378 2536 ergo
1410 2468 1553 2540 (γὰρ)
1571 2482 1616 2521 c.
1634 2467 1703 2525 D.
1723 2468 1848 2522 Vat.
1870 2466 1952 2521 ed.
1971 2482 2071 2536 pr„
2109 2466 2251 2522 enim
2271 2484 2318 2522 v.
2339 2495 2404 2506 —

207 2552 258 2607 2.
283 2554 332 2607 3.
376 2552 798 2611 dominationem
815 2554 1006 2623 egeris,
1026 2559 1082 2609 et
1097 2570 1146 2611 e.
1168 2554 1230 2610 B.
1248 2554 1313 2609 D.
1339 2555 1480 2619 vat..
1515 2552 1875 2611 obedientiam
1892 2554 2230 2625 praestiteris
2248 2559 2305 2608 et
2320 2555 2405 2613 ed.

207 2652 285 2706 pr.
318 2638 445 2697 Cot.
481 2644 659 2697 Dreee.
697 2642 830 2710 (om.
865 2640 963 2706 et).
998 2668 1066 2683 -—
1103 2640 1151 2693 3.
1187 2639 1286 2695 tibi
1320 2640 1673 2699 mandaturus
1708 2655 1828 2697 sum
1860 2657 1905 2697 a
1948 2642 2067 2696 vat.
2105 2640 2189 2695 ed.
2223 2656 2302 2709 pr.
2339 2659 2403 2707 v.‚

207 2724 566 2783 mandaturus
611 2742 733 2783 sum
773 2726 964 2782 tibiD.
1002 2754 1070 2767 --
1120 2725 1406 2795 poterisc.
1446 2728 1571 2783 vat.
1608 2726 1693 2783 ed.
1728 2742 1808 2795 pr.
1843 2744 1925 2794 v.,
1978 2742 2083 2783 om
2118 2729 2181 2782 D.
2218 2758 2286 2767 —
2354 2730 2404 2780 4.

207 2809 464 2867 confirma
497 2827 544 2866 c.
580 2816 640 2869 D.
679 2816 826 2877 vat..
863 2811 1119 2869 confirma
1155 2827 1283 2883 ergo
1319 2811 1403 2867 ed
1435 2828 1519 2883 pr.
1559 2830 1607 2869 v.
1640 2844 1711 2857 ——-
1744 2812 2015 2869 mandatis
2049 2811 2170 2867 istis
2205 2828 2249 2869 c.
2279 2813 2402 2869 Vat.

208 2896 290 2951 ed.
328 2914 410 2968 pr.
446 2916 519 2965 v.,
555 2898 677 2955 istis
711 2898 1062 2957 mandatisD.
1098 2929 1162 2941 -
1199 2904 1261 2955 ut
1292 2899 1442 2956 vivas
1476 2915 1524 2954 c.
1541 2898 1609 2953 D.
1630 2898 1715 2954 ed.
1733 2915 1816 2968 pr.
1835 2916 1901 2965 v„
1937 2904 1993 2953 et
2011 2897 2159 2955 vivas
2181 2895 2401 2954 Vnt.—

344 2988 393 3039 6.
429 2984 498 3039 Χ.
536 2989 592 3041 D.
629 3012 698 3027 -
768 2987 814 3039 7.
849 2990 900 3041 8.
936 2985 1239 3043 custodires
1275 3003 1322 3043 c.
1357 2990 1417 3043 D.
1447 2986 1535 3041 ed.
1570 3001 1653 3055 pr.
1687 3004 1761 3051 v.,
1814 2983 2135 3041 custodieris
2172 2988 2291 3040 Vat.
2332 3014 2390 3024 —

205 3069 591 3128 abstinentiam
623 3073 740 3141 (τὴν
777 3074 1107 3145 ἐγκράτειαν)
1143 3073 1380 3139 emend..
1437 3072 1825 3142 poenitentiam
1858 3070 2014 3128 codd.
2050 3076 2108 3127 et
2141 3070 2259 3126 edd.
2294 3070 2400 3126 Fa-

205 3158 407 3215 bricius
443 3158 747 3216 adnotavitt
785 3158 1052 3225 ‚sortasse
1081 3160 1188 3229 leg.
1221 3159 1609 3217 continentiam
1645 3159 1867 3229 [Dresa]
1890 3157 1999 3215 sive
2020 3158 2401 3216 abstinentiam

208 3248 266 3298 ut
297 3247 510 3314 p.825“
545 3244 748 3317 [Mand.
786 3245 830 3299 Ι.
865 3248 1025 3315 p.36,
1064 3248 1164 3317 10].
1197 3276 1270 3287 -
1337 3250 1385 3302 9.
1423 3246 1637 3303 domine
1672 3261 1717 3303 c.
1753 3245 1819 3301 D.
1858 3247 1982 3301 Vat.
2022 3243 2105 3300 ed.
2176 3260 2223 3297 r.
2262 3245 2397 3311 Cot„

206 3328 433 3386 domine.
487 3336 546 3387 et
575 3331 714 3388 dixit
745 3336 926 3389 Dtess.
965 3360 1031 3373 —
1083 3348 1227 3389 nunc
1258 3334 1379 3392 volo
1412 3331 1515 3389 tibi
1547 3348 1596 3390 c.
1639 3336 1699 3389 D.
1714 3373 1730 3399 ‚
1784 3330 1887 3388 tibi
1919 3346 2062 3387 nunc
2096 3260 2216 3387 rogo
2256 3333 2396 3397 Vat..

205 3432 347 3473 nunc
379 3417 479 3474 tibi
511 3418 634 3475 volo
665 3418 750 3475 ed.
785 3434 868 3488 pr.
906 3436 957 3478 v.
979 3450 1044 3461 —
1083 3422 1168 3478 10.
1191 3422 1268 3475 11.
1305 3420 1518 3477 uncinis
1552 3419 1765 3477 inclusa
1796 3417 2123 3487 respondent
2153 3417 2391 3485 graecis:

207 3504 390 3559 διπλαῖ
433 3506 530 3578 γάρ
579 3514 709 3561 εἰσιν
762 3512 822 3559 αἱ
863 3512 1109 3579 ἐνέργειαι
1153 3508 1326 3563 αὐτῶν
1377 3506 1549 3576 (Pala
1605 3505 1804 3574 duplex
1851 3504 1992 3561 enim
2038 3510 2123 3559 est
2152 3503 2395 3573 potentia

204 3591 436 3659 eorum).
483 3592 683 3649 omissa
715 3606 838 3649 esse
872 3593 1120 3649 videntur
1150 3598 1370 3665 propter
1403 3593 1885 3649 homoeoteleuton.
1920 3620 1987 3633 —
2027 3592 2107 3645 11.
2143 3589 2396 3660 quoniam

205 3693 245 3733 c.
265 3680 329 3737 D.
347 3678 433 3733 ed.
447 3695 550 3748 pn,
569 3680 834 3751 quomodo
845 3680 965 3738 Vat.
983 3698 1031 3737 v.
1053 3711 1120 3721 —
1137 3681 1317 3750 posita
1335 3686 1460 3737 sunt
1479 3680 1550 3735 ad
1568 3681 1768 3737 iustum
1788 3683 1844 3733 et
1858 3678 2119 3732 iniustum
2136 3690 2182 3729 c.
2202 3679 2261 3729 D.
2272 3675 2394 3732 Vat.

203 3764 440 3833 (positi),
491 3766 614 3835 ipsa
657 3766 835 3837 penita
881 3771 1008 3823 sunt
1041 3767 1113 3824 ad
1147 3768 1351 3823 iustum
1388 3768 1594 3837 pariter
1628 3772 1683 3821 et
1716 3766 1976 3821 iniustum
2010 3762 2093 3817 ed.
2126 3778 2207 3831 pr.
2241 3779 2289 3818 v.
2324 3793 2393 3803 —-

208 3850 286 3906 11.
325 3854 412 3907 12.
447 3853 546 3910 sed
579 3859 642 3909 tu
673 3868 720 3908 c.
759 3858 816 3909 D.
859 3860 997 3922 vat„
1030 3860 1092 3909 tu
1125 3854 1308 3923 itaque
1349 3852 1432 3910 ed.
1469 3870 1568 3923 pr.‚
1604 3859 1662 3908 tu
1697 3852 1861 3922 igitur
1893 3868 1940 3905 v.
1980 3878 2045 3889 —
2119 3851 2199 3905 12.
2232 3849 2392 3904 crede

205 3950 246 3990 c.
281 3939 342 3995 D.
379 3939 462 3995 ed.
496 3956 576 4009 pr.
614 3958 687 4007 v.‚
723 3940 902 3997 credis
939 3945 1064 4000 Vat.
1096 3972 1166 3981 —-
1217 3940 1408 3997 credas
1444 3958 1489 3997 c.
1525 3944 1585 3995 D.
1628 3944 1772 4004 vat„
1805 3936 1964 3991 crede
2000 3936 2085 3992 ed.
2119 3952 2199 4006 pr.
2236 3954 2287 3995 v.
2324 3966 2391 3981 —

209 4023 288 4081 13.
336 4024 604 4082 iniustitia
649 4044 697 4085 c.
731 4030 792 4080 D.
835 4027 987 4094 Vat.,
1039 4033 1098 4083 at
1130 4025 1397 4083 iniustitia
1431 4027 1515 4082 ed.
1556 4042 1635 4095 pr.
1670 4042 1717 4081 v.
1775 4053 1839 4066 -
1912 4025 1990 4078 15.
2026 4024 2196 4079 multa
2227 4024 2392 4080 habet

205 4118 267 4165 α·
282 4109 348 4167 D.
392 4113 514 4168 vat.
551 4112 637 4172 ed.
673 4130 753 4185 pr.
793 4116 990 4181 Dreea,
1025 4115 1196 4169 multa
1231 4113 1341 4169 Cot.
1381 4145 1445 4154 —-
1483 4119 1541 4168 et
1580 4112 1800 4182 spinosa
1832 4114 1917 4164 est
1950 4126 1993 4165 c.
2030 4109 2097 4167 D.
2131 4110 2269 4177 Vat„
2306 4117 2391 4167 est

205 4199 259 4249 et
292 4196 512 4266 spinos·
545 4200 630 4256 ed.
667 4215 746 4271 pr.
781 4218 830 4261 v,
855 4230 937 4243 ·--
