3003 5080
537 364 666 433 102
1534 367 1741 423 Pastor.

533 552 643 617 goe
685 535 780 597 lex
821 542 936 600 est.
979 554 1304 616 cognosces
1348 538 1564 603 deinde
1612 558 1821 602 omnes
1867 561 1988 617 eoS‚
2034 545 2135 624 qui
2178 565 2299 607 non
2346 562 2727 617 servaverunt

532 639 748 720 legem,
793 647 852 700 et
893 639 1042 703 scies
1081 641 1282 702 sedem
1313 641 1787 723 uniuscuiusque
1812 652 2085 708 eorum“.
2129 647 2258 710 dico
2291 652 2375 714 ei:
2426 656 2725 731 „Quare“‚

530 740 816 822 inquam,
866 742 1165 823 „domine‚
1210 743 1356 804 alios
1397 744 1621 806 dimisit
1661 746 1724 806 in
1771 746 2017 817 turrim,
2055 748 2199 811 alios
2242 752 2348 814 tibi
2392 757 2668 835 reliquit“
2691 760 2723 821 ‘2

533 844 713 919 „Hi“‚
756 844 980 923 inquit,
1027 845 1407 925 „quicunque
1449 848 1817 928 supergressi
1860 858 2001 911 sunt
2041 850 2266 931 legem,
2310 874 2489 935 quam
2536 862 2609 922 ab
2652 884 2723 925 eo

471 938 924 1028 mmmmm,
981 949 1046 1009 in
1089 966 1283 1010 meam
1326 948 1519 1021 relicti
1560 959 1706 1011 sunt
1741 959 2125 1031 potestatem,
2178 964 2245 1016 ut
2287 970 2466 1038 agant
2507 965 2721 1027 admis-

531 1067 739 1113 sorum
793 1070 1038 1112 suorum
1098 1050 1542 1129 poenitentiam.
1618 1052 1720 1131 qui
1776 1062 1971 1116 autem
2032 1056 2443 1125 satisfecerunt
2495 1065 2609 1145 legi
2664 1072 2725 1129 et

533 1146 923 1216 sebvaverunt
962 1172 1114 1226 eam,
1159 1153 1271 1213 sub
1312 1152 1469 1218 illius
1514 1141 1802 1233 potestate
1838 1161 2043 1219 sunt“.
2133 1162 2290 1239 „Qui
2332 1176 2474 1228 sunt
2514 1174 2723 1248 ergo“,

527 1252 798 1331 inquam,
843 1255 1144 1331 „domine‚
1186 1256 1248 1317 in
1294 1255 1509 1317 turrim
1554 1265 1763 1318 euntes
1804 1262 2159 1325 coronati“?
2202 1266 2283 1328 ait
2311 1270 2488 1333 mihi:
2530 1275 2721 1349 „Qui-

532 1373 771 1435 cunque
827 1377 962 1420 cum
1025 1358 1256 1422 diabolo
1316 1358 1520 1420 luctati
1562 1360 1832 1422 vicerunt
1874 1382 2043 1436 eum,
2114 1366 2196 1429 illi
2241 1381 2383 1432 sunt
2426 1378 2720 1439 coronati.

433 1458 518 1527 10
531 1456 594 1519 hi
645 1466 842 1520 autem
903 1469 1075 1542 sunt,
1139 1460 1274 1541 qui,
1346 1469 1414 1521 ut
1459 1472 1765 1523 servarent
1806 1478 1937 1525 eam
1974 1466 2198 1545 legem,
2270 1477 2533 1554 perpessi
2576 1490 2723 1545 sunt

527 1558 750 1640 iniqua.
810 1562 894 1623 ini
954 1582 1127 1643 vero,
1203 1563 1305 1643 qui
1360 1563 1575 1624 virides
1632 1564 1827 1643 virgas
1870 1570 2303 1651 pampinosque
2346 1576 2475 1639 sine
2515 1581 2723 1645 fructu

530 1661 816 1729 habentes
870 1665 1273 1737 tradiderunt,
1342 1676 1587 1746 propter
1643 1668 1889 1729 eandem
1944 1670 2138 1749 legem
2178 1678 2541 1743 vexationem
2586 1684 2718 1763 qui..

529 1764 663 1835 dem
716 1766 1129 1831 sustinuerunt
1151 1814 1168 1843 ,
1241 1787 1364 1839 non
1409 1769 1689 1831 obierunt
1731 1789 1869 1831 vero
1916 1792 2123 1836 necem
2146 1822 2163 1851 ,
2232 1780 2335 1841 sed
2380 1801 2491 1844 nec
2534 1788 2719 1849 abne—

527 1878 818 1945 gavetunt
865 1890 1036 1941 suam
1080 1870 1292 1950 legem.
1336 1871 1398 1931 hi
1439 1890 1611 1945 vero,
1684 1874 1783 1952 qui
1826 1874 2073 1951 virideS,
2142 1878 2297 1945 sicut
2342 1900 2717 1968 acceperant,

427 1971 512 2037 15
527 1969 930 2048 tradiderunt,
991 1973 1246 2044 modesti
1287 1981 1428 2035 sunt
1469 1982 1648 2053 atque
1691 1976 1829 2037 iusti
1874 1988 1931 2039 et
1975 1980 2143 2045 valde
2186 2003 2343 2063 pura,
2385 1999 2585 2051 mente
2628 1994 2717 2053 vi-

521 2160 687 2209 xatas*
714 2155 834 2211 Vat.
849 2196 862 2219 ‚
917 2172 985 2211 ex
1019 2157 1100 2212 eis
1131 2156 1334 2225 multas
1363 2158 1683 2216 vexaciones
1718 2159 1786 2217 D.
1822 2193 1891 2201 —-
1949 2162 2077 2219 illae
2112 2168 2251 2223 enim
2286 2172 2465 2242 virgae
2505 2175 2593 2229 lex
2627 2185 2717 2233 est

523 2256 570 2295 c.
605 2239 669 2293 D.
709 2242 849 2307 vat„
883 2242 976 2296 ille
1017 2243 1160 2297 enim
1195 2243 1244 2297 si
1278 2242 1480 2297 domini
1516 2242 1699 2311 virgae
1730 2246 1818 2299 lex
1854 2248 1983 2303 sinit
2018 2250 2098 2305 ed.
2134 2269 2232 2321 pr..
2266 2256 2394 2312 illae
2430 2260 2574 2315 enim
2606 2262 2717 2317 vir-

519 2340 623 2394 gae
670 2326 870 2382 domini
916 2328 1005 2381 lex
1053 2334 1183 2384 sunt
1226 2345 1274 2382 v.
1328 2357 1398 2368 -
1471 2332 1523 2382 1.
1570 2319 1861 2397 cognosces
1898 2335 2117 2403 (γνώσῃ)
2152 2356 2195 2395 c.
2232 2342 2325 2407 D.‚
2382 2359 2713 2415 cognoscens

527 2415 677 2478 Vah,
746 2414 1020 2483 cognoscit
1053 2414 1142 2477 ed?
1174 2428 1286 2481 pt..
1343 2414 1619 2483 cognoscit
1648 2423 1833 2469 autem
1865 2436 1916 2473 v.
1949 2450 2018 2461 —-
2084 2426 2136 2482 ,2.
2174 2430 2230 2479 et
2264 2428 2404 2490 scies
2441 2436 2545 2496 (καὶ
2579 2436 2715 2502 ὄψῃ)

431 2544 436 2548 .
521 2500 760 2566 emend..
811 2507 866 2556 ot
901 2499 1078 2556 sciens
1110 2500 1176 2555 D.
1211 2500 1360 2564 Vat„
1416 2506 1471 2554 et
1506 2500 1590 2555 ed.
1623 2516 1703 2570 pr.
1724 2539 1739 2567 ,
1794 2504 1979 2577 sciens
2004 2524 2053 2566 v,
2104 2540 2167 2570 -·.
2220 2514 2405 2570 sedem
2440 2530 2487 2576 ρ,
2522 2517 2586 2572 D,
2614 2518 2711 2592 ‘zd-

517 2601 600 2654 pt.
635 2604 712 2651 v.‚
765 2603 866 2643 om.
901 2587 1024 2642 Vat.
1059 2615 1127 2627 -
1177 2586 1601 2655 uniuscuiusque
1637 2603 1685 2642 c.
1720 2589 1840 2643 Vat.
1873 2593 1957 2647 ed.
1988 2610 2069 2666 pr.
2106 2615 2185 2664 v..
2240 2600 2503 2671 cuiusque
2534 2605 2603 2659 D.
2638 2634 2711 2654 -2

519 2673 569 2726 3.
617 2672 716 2727 tibi
761 2673 850 2740 (cf.
888 2674 988 2742 gr.)
1033 2687 1079 2726 c.
1109 2671 1174 2726 D.
1213 2671 1336 2739 Vnt.
1373 2672 1459 2729 ed.
1494 2688 1577 2741 pr.
1594 2711 1613 2738 ‚
1666 2675 1764 2730 tibi
1799 2675 1888 2740 hic
1924 2697 1971 2734 v.
2024 2712 2093 2724 --
2161 2687 2213 2738 4.
2248 2685 2424 2757 inquit
2456 2691 2624 2759 (φησί)
2660 2706 2719 2758 ο.

515 2757 602 2812 ed.
635 2773 720 2826 pr.
756 2776 830 2822 v..
887 2773 989 2814 om.
1024 2757 1089 2812 D.
1124 2757 1253 2812 Vat-
1303 2787 1373 2798 —-
1441 2763 1492 2814 4.
1532 2762 1579 2812 5.
1632 2760 1833 2829 legem,
1888 2779 2051 2832 quam
2095 2768 2165 2824 ab
2198 2785 2264 2826 eo
2296 2781 2625 2840 acceperunt
2656 2789 2709 2832 c.

514 2842 642 2902 Vas.
677 2843 762 2900 ed.
797 2860 878 2912 pr.
909 2861 998 2912 v..
1029 2859 1192 2912 quam
1225 2843 1298 2910 ab
1330 2857 1398 2898 eo
1429 2854 1757 2914 acceperunt
1786 2849 1961 2918 legem
1994 2851 2063 2908 D.
2097 2881 2166 2892 —
2236 2859 2281 2910 5.
2318 2858 2375 2911 in
2408 2873 2585 2921 meam
2618 2875 2708 2914 re-

511 2928 628 2984 licti
671 2933 798 2988 sunt
829 2933 1154 2998 potestatem
1187 2943 1235 2992 c.
1269 2926 1336 2982 D.
1375 2927 1496 2985 Vat.
1510 2969 1525 2993 ,
1576 2929 1634 2984 in
1668 2946 1795 2988 mea.
1822 2935 1998 2990 relicti
2032 2945 2161 2997 sunt.
2190 2947 2461 3008 potestate
2497 2945 2583 3002 ed.
2620 2963 2707 3015 pr.

510 3031 564 3074 ἵ.
617 3043 688 3054 --
757 3016 808 3066 5.
845 3017 894 3068 6.
941 3020 1108 3083 agant
1135 3013 1494 3068 admissorum
1530 3029 1749 3070 suorum
1784 3035 1827 3074 c.
1864 3020 1927 3076 D.
1970 3025 2090 3080 Vat.
2129 3025 2211 3082 ed.
2246 3044 2325 3097 pr.
2362 3029 2705 3098 (commisso-

509 3114 635 3158 rum
665 3098 746 3164 L.)
765 3139 780 3164 ,
815 3097 1172 3153 admissorum
1207 3113 1427 3153 suorum
1461 3107 1625 3168 agant
1658 3102 1792 3169 Cot„
1827 3105 2184 3168 admissorum
2216 3122 2381 3181 agant
2410 3116 2597 3184 Dress.
2636 3146 2705 3160 —-

510 3187 563 3241 8.
597 3184 834 3251 inquam,
867 3183 1079 3246 domine
1114 3183 1290 3254 (φημί,
1328 3186 1493 3257 κύριε)
1517 3203 1565 3244 c.
1585 3187 1705 3242 Vat.
1728 3191 1809 3258 ed.
1830 3207 1933 3259 pr„
1966 3193 2194 3261 domine,
2230 3198 2454 3267 inquam,
2469 3202 2535 3256 D.
2554 3222 2601 3259 v.
2631 3235 2705 3246 —-

508 3268 568 3324 in
601 3268 794 3322 turrim
828 3283 872 3322 c.
890 3273 1018 3326 vat.
1035 3269 1119 3324 ed.
1139 3286 1220 3338 pr.
1239 3287 1308 3333 v..
1341 3269 1532 3327 turrim
1552 3271 1617 3328 D.
1637 3303 1705 3314 --
1741 3279 1787 3333 9.
1824 3293 1945 3333 cum
1975 3279 2192 3338 diabolo
2206 3285 2395 3349 luctati
2414 3301 2464 3340 c.
2484 3288 2549 3346 D.
2569 3291 2713 3354 Vat.

508 3353 596 3411 od.
615 3368 711 3423 pr..
745 3353 938 3413 luctati
973 3371 1096 3415 cum
1129 3354 1346 3418 diabolo
1362 3373 1412 3411 v·
1444 3384 1492 3392 -
1543 3359 1626 3414 10·
1645 3359 1701 3412 hi
1721 3356 1917 3429 (οὗτοι)
1938 3379 1982 3420 c.
2002 3365 2066 3421 D.
2090 3373 2226 3430 vat..
2260 3370 2341 3424 illi
2360 3372 2443 3427 ed.
2459 3389 2540 3441 pr.
2561 3392 2607 3430 v.
2628 3405 2702 3417 --

507 3455 629 3506 eam
663 3453 706 3492 c.
725 3439 790 3493 D.
808 3439 948 3505 Vat„
983 3455 1084 3500 om
1103 3439 1190 3498 ed.
1207 3455 1354 3509 pta.
1376 3469 1426 3480 -·
1479 3443 1559 3504 11.
1596 3443 1783 3512 iniqua
1818 3465 1863 3504 c.
1882 3449 1950 3503 D.
1973 3450 2095 3508 Vat.
2112 3453 2381 3524 ed,pr.v.,
2414 3457 2616 3514 iniusta
2636 3460 2697 3514 B.
2719 3457 2735 3472 ‘

505 3555 575 3568 -
647 3529 734 3582 12.
781 3528 860 3580 13.
907 3526 1132 3580 eandem
1177 3526 1360 3594 legem
1400 3529 1736 3594 vexationem
1784 3533 1998 3600 quidem
2034 3554 2077 3592 c.
2111 3539 2207 3603 D..
2260 3541 2483 3599 eandem
2520 3545 2699 3614 legem

503 3611 720 3680 quidem
753 3610 1090 3666 vexationem
1122 3613 1242 3667 Vat.
1261 3652 1275 3676 ‚
1323 3613 1550 3676 eandem
1586 3616 1816 3684 quidem,
1832 3617 2007 3687 legem
2038 3625 2371 3682 vexationem
2406 3629 2490 3686 ed.
2525 3647 2609 3698 pr.
2648 3651 2698 3696 v,

502 3723 574 3752 -.·-·
646 3700 726 3752 13.
759 3714 868 3752 non
903 3696 1150 3752 obierunt
1185 3713 1311 3752 vero
1345 3712 1532 3762 Decem
1565 3702 1663 3771 (μὴ
1703 3705 1965 3767 παθόντες
2000 3709 2090 3777 δὲ).
2119 3712 2352 3778 emend„
2406 3730 2509 3776 non
2544 3717 2710 3772 Obie.⁴

500 3789 631 3837 runt
661 3797 790 3837 vero
825 3783 998 3851 legem
1030 3783 1090 3838 L.
1131 3783 1414 3852 (oderunt)
1455 3789 1571 3846 vat.
1587 3825 1602 3849 ,
1657 3787 1947 3846 voluerunt
1972 3793 2151 3862 legem
2178 3797 2263 3860 D..
2300 3813 2409 3854 non
2442 3799 2699 3856 obierunt

498 3873 681 3922 autem
715 3874 941 3925 mortem
976 3869 1062 3926 ed.
1095 3885 1176 3939 pr.
1213 3887 1264 3924 v.
1298 3898 1369 3924 —-
1441 3875 1525 3928 14.
1562 3885 1716 3936 suum
1750 3887 1795 3926 c.
1817 3875 1895 3931 Ὀ.
1932 3878 1997 3937 D.
2034 3879 2156 3942 Vat.
2198 3883 2340 3937 vict.
2361 3883 2495 3941 Mss.
2518 3889 2701 3955 Angl.‚

498 3961 741 4009 sanctam
775 3952 858 4006 ed.
893 3969 974 4022 pr.
1009 3973 1060 4012 v.
1092 3985 1170 4012 —-.
1197 3953 1296 4023 qui
1325 3969 1382 4008 ο..
1405 3953 1467 4007 D.
1497 3955 1621 4012 Vat.
1658 3957 1741 4012 ed.
1776 3976 1855 4028 pr.
1891 3963 2101 4032 Dress.,
2156 3983 2294 4035 quae
2331 3969 2445 4024 Cot.
2482 4000 2549 4011 —
2598 3989 2691 4030 ac-

495 4045 753 4104 ceperant
786 4055 832 4095 c.
869 4038 933 4094 D.
973 4041 1056 4097 od.
1089 4055 1173 4110 pr.
1207 4057 1273 4100 v..
1329 4050 1655 4110 acceperunt
1686 4045 1810 4102 Vat.
1846 4075 1913 4086 ·—
1982 4052 2065 4105 15.
2100 4059 2264 4121 atque
2300 4071 2344 4110 c.
2384 4055 2449 4110 D.
2485 4057 2569 4118 ed.
2605 4076 2693 4128 pr.

495 4139 564 4186 ν..
597 4137 704 4178 om.
743 4122 863 4180 Vnt.
909 4154 966 4183 -r
1007 4132 1074 4188 οε.
1095 4125 1250 4198 valde
1287 4140 1334 4186 c.
1371 4125 1436 4182 D.
1474 4126 1595 4185 vat.
1632 4129 1714 4186 ed.
1752 4146 1848 4200 pr..
1886 4137 1944 4192 et.
1973 4135 2066 4204 qui
2098 4138 2254 4196 valde
2288 4157 2337 4194 v.
2378 4170 2440 4194 —.
