3003 5080
1098 458 1265 514 Simil.
1289 457 1358 513 Π.
1390 457 1487 516 111.
2285 460 2373 526 '¹13

188 633 404 695 victum
471 635 831 696 necessariis
895 635 1196 714 quomodo
1255 653 1394 715 ergo
1452 633 1550 696 ille
1594 633 1752 696 dives
1799 634 2034 697 festinat
2074 654 2183 716 pro
2228 655 2375 716 pau-

191 757 366 818 pere,
441 757 518 799 ne
575 737 716 816 quid
777 738 829 798 ei
872 738 1020 799 desit
1060 738 1120 799 in
1169 738 1331 799 omni
1373 739 1496 808 vita,
1534 759 1675 814 sua,
1750 739 1834 800 sic
1878 747 1937 800 et
1979 759 2204 820 pauper
2248 748 2378 802 orat

189 861 299 922 pro
363 841 556 903 divite.
628 849 877 921 uterque
937 861 1077 921 ergo
1132 850 1274 903 sunt
1330 842 1389 903 in
1438 862 1638 922 opere.
1704 843 1851 904 alter
1895 842 2055 904 enim
2100 852 2377 923 operatur

189 945 494 1026 oratione,
569 945 630 1006 in
694 964 807 1025 qua
867 945 1077 1007 beatus
1119 952 1243 1020 est,
1315 953 1375 1007 et
1418 945 1585 1007 reddi
1628 946 1768 1007 facit
1812 948 2147 1008 mercedem
2190 967 2223 1008 a
2268 947 2375 1008 do-

187 1050 388 1130 mino,
462 1049 730 1110 similiter
772 1056 831 1110 et
871 1049 1028 1110 dives
1076 1035 1146 1110 de
1191 1049 1316 1124 his,
1379 1067 1532 1128 quae
1579 1049 1804 1130 accepit
1846 1070 1879 1111 a
1926 1050 2201 1126 domino,
2246 1051 2376 1112 sine
2434 1044 2475 1108 5

189 1153 553 1215 dubitatione
628 1161 882 1232 praestat
940 1153 1205 1234 pauperi.
1264 1154 1380 1215 hoc
1442 1173 1680 1234 quoque
1738 1173 1889 1234 opus
1949 1173 2231 1234 magnum
2285 1163 2376 1216 est

188 1265 614 1337 acceptumque
656 1257 923 1331 domino,
970 1257 1104 1337 quia
1150 1257 1310 1318 dives
1353 1257 1645 1318 intellexit
1686 1266 1745 1319 et
1789 1257 2011 1320 domini
2059 1277 2207 1338 opus
2239 1257 2377 1319 fecit

187 1361 243 1421 in
288 1379 632 1442 pauperem.
679 1381 754 1422 ex
798 1360 968 1422 donis
1009 1347 1235 1421 domini
1280 1362 1418 1422 fecit
1457 1370 1517 1422 et
1558 1360 1911 1436 ministravit
1938 1369 1996 1422 et
2023 1371 2181 1423 recte
2210 1381 2375 1423 com-

187 1465 364 1544 plevit
422 1464 817 1527 ministerium
872 1467 1090 1544 suum].
1154 1465 1308 1545 apud
1352 1465 1628 1526 homines
1672 1485 1812 1546 ergo
1856 1465 2054 1527 ulmus
2094 1485 2219 1526 non
2264 1484 2375 1545 pu-

189 1577 344 1630 tatur
421 1569 680 1630 fructum
757 1569 930 1643 dare,
1004 1579 1062 1630 et
1133 1569 1408 1630 nesciunt
1474 1589 1586 1630 nec
1651 1568 2021 1650 intelligunt,
2094 1568 2374 1648 quoniam
2397 1567 2477 1630 10

192 1673 236 1732 si
294 1673 528 1734 siccitas
587 1672 884 1747 evenerit,
957 1671 1182 1756 [ulmus
1240 1692 1456 1753 aquam
1515 1673 1742 1734 habens
1788 1671 1993 1751 nutrit]
2041 1673 2251 1754 vitem,
2320 1681 2378 1733 et

190 1776 316 1836 vitis
365 1775 616 1856 duplum
663 1776 761 1837 dat
797 1776 1091 1850 fructum,
1148 1784 1208 1837 et
1251 1795 1361 1856 pro
1406 1797 1469 1838 se
1516 1785 1574 1838 et
1618 1796 1726 1857 pro
1772 1776 1956 1838 ulmo.
2002 1777 2087 1838 sic
2131 1785 2190 1838 et
2231 1795 2377 1856 pau-

188 1899 357 1960 peres
404 1899 513 1960 pro
558 1879 1056 1961 locupletantibus
1103 1889 1341 1941 orantes
1387 1880 1459 1940 ad
1506 1880 1815 1943 dominum
1859 1861 2275 1956 exaudiuntur,
2320 1889 2378 1942 et

191 1994 482 2064 augentur
527 2003 668 2064 opes
706 2003 937 2058 eorum,
983 1983 1267 2063 quoniam
1310 1991 1616 2064 praestant
1659 1983 2019 2064 pauperibus
2064 2004 2133 2046 ex
2166 1984 2377 2065 opibus

190 2087 322 2148 suis.
403 2088 557 2149 fiunt
619 2106 760 2166 ergo
817 2087 993 2148 ambo
1055 2096 1364 2149 consortes
1421 2087 1702 2167 operibus
1753 2088 1961 2170 boniS,
2036 2089 2375 2170 quicunque
2397 2093 2477 2156 15

189 2211 324 2270 ergo
386 2193 535 2266 haec
591 2191 829 2264 fecerit,
904 2209 1027 2251 non
1088 2191 1394 2253 deseretur
1439 2213 1469 2252 a
1516 2191 1790 2273 domim,
1865 2202 1923 2253 at
1965 2193 2075 2253 erit
2119 2193 2377 2274 scriptus

191 2295 246 2355 in
293 2296 448 2356 libro
494 2295 658 2357 vitae.
705 2294 938 2370 feliceS,
999 2295 1100 2373 qui
1136 2295 1441 2376 possident
1481 2303 1542 2357 et
1584 2296 1847 2357 sentiunt
1890 2316 1953 2358 se
1996 2296 2375 2377 locupletari;

191 2399 284 2480 qui
327 2400 448 2462 hoc
492 2399 650 2462 enim
695 2399 975 2476 senserit,
1019 2398 1239 2479 poterit
1282 2399 1503 2482 aliquid
1548 2399 1945 2464 ministrare“.

947 2545 1420 2617 Similitudo
1467 2548 1623 2615 ΠΙ.

400 2669 674 2730 Ostendit
731 2668 872 2730 mihi
933 2670 1175 2731 arbores
1225 2670 1442 2732 multas
1485 2670 1727 2732 abiectis
1772 2671 1961 2746 foliis,
2035 2690 2185 2751 quae
2232 2672 2376 2733 mihi
2396 2677 2479 2741 20

192 2774 346 2834 velut
406 2773 605 2833 aridae
661 2772 1042 2849 videbantur3
1118 2792 1326 2835 omnes
1386 2774 1544 2835 enim
1606 2773 1825 2835 similes
1884 2782 2073 2835 erant.
2136 2784 2194 2835 et
2236 2775 2379 2835 dixit

194 2908 313 2976 quia
359 2923 498 2977 opus
534 2913 690 2977 (opes
724 2906 872 2973 Vat.)
904 2906 1113 2963 faciunt
1145 2924 1179 2963 a.
1215 2908 1429 2964 domino
1463 2907 1561 2973 (cf.
1588 2926 1641 2977 p.
1676 2911 1758 2973 73,
1796 2909 1843 2963 7.
1882 2911 1941 2979 8)
1980 2909 2131 2965 codd.
2169 2914 2225 2964 et
2258 2909 2379 2967 edd.

197 3024 250 3033 —
327 2996 410 3052 10.
446 2994 681 3050 fructum
716 2993 846 3048 dare
881 2994 1106 3064 (καρπὸν
1139 2997 1211 3065 μὴ
1247 2996 1445 3065 φέρειν)
1482 2994 1710 3063 emend„
1747 2996 1954 3051 fructus
1990 2995 2120 3050 dare
2154 2995 2218 3048 D.
2248 2995 2378 3050 Mss.

197 3081 362 3150 Angl„
397 3081 530 3136 dare
572 3082 704 3146 vat,
741 3081 872 3135 dare
906 3080 1140 3135 fructum
1175 3081 1258 3137 ed.
1295 3098 1374 3152 pr.
1408 3100 1457 3139 v.
1497 3110 1561 3122 —
1596 3097 1698 3136 nec
1732 3097 1779 3139 c.
1817 3082 1881 3137 D.
1912 3082 2053 3148 Vat„
2088 3098 2265 3153 neque
2297 3084 2380 3139 ed.

197 3182 268 3233 pr.
303 3184 349 3221 v.
387 3196 452 3206 —
493 3167 572 3220 10.
613 3169 695 3225 11.
731 3167 984 3236 quoniam
1017 3168 1064 3222 si
1100 3169 1212 3236 (ὅτι
1247 3170 1366 3234 ἐὰν)
1400 3184 1445 3224 c.
1481 3168 1565 3223 ed.
1600 3184 1678 3237 pr.
1713 3187 1779 3235 v.,
1818 3168 2067 3237 quoniam
2101 3170 2207 3225 nisi
2242 3171 2383 3237 Vat„

199 3253 438 3321 quoniam
484 3253 580 3318 D.‚
642 3253 786 3322 quod
839 3252 885 3307 si
931 3272 980 3309 v.
1043 3283 1106 3293 —
1181 3257 1262 3308 11.
1298 3254 1514 3309 siccitas
1551 3256 1826 3327 (ἀβροχία)
1862 3272 1905 3310 c.
1944 3256 2005 3312 Β.
2042 3256 2106 3312 D.
2141 3257 2201 3312 1.
2244 3260 2381 3324 Vat„

198 3338 418 3393 societas
455 3338 538 3393 ed.
577 3354 657 3407 pr.
696 3358 743 3395 v.
781 3366 851 3379 —
885 3339 1122 3395 evenerit
1155 3354 1202 3397 c.
1238 3340 1304 3397 D.
1342 3342 1484 3406 Vat„
1526 3340 1703 3396 evenit
1730 3341 1809 3406 L„
1842 3357 1951 3397 non
1990 3343 2268 3399 advenerit
2301 3345 2383 3412 B.,

198 3424 466 3479 advenerit
513 3425 598 3481 ed.
649 3442 728 3496 pr.
775 3444 821 3480 v.
871 3456 938 3466 -
992 3424 1202 3480 uncinis
1248 3425 1459 3481 inclusa
1508 3428 1751 3496 supplevi
1789 3443 1819 3483 e
1854 3430 1967 3485 Pal.
1984 3470 1997 3495 ,
2035 3431 2101 3485 cf.
2135 3447 2239 3500 gr„
2277 3448 2382 3489 om.

198 3510 338 3569 codd.
376 3518 433 3566 et
471 3510 593 3566 edd.
631 3542 692 3552 -·
733 3511 894 3567 vitem
930 3514 1050 3581 (τὴν
1087 3515 1350 3582 ἄμπελον)
1386 3513 1625 3581 emend,
1658 3515 1752 3570 viti
1789 3516 1851 3569 D.
1888 3515 1971 3571 ed.
2008 3532 2090 3584 pr.
2126 3535 2204 3583 v.,
2257 3517 2381 3573 vitis

201 3597 312 3651 Vat.
347 3627 417 3639 —-·
472 3601 557 3655 12.
595 3598 815 3668 duplum
849 3598 944 3653 dat
976 3599 1211 3652 fructum
1245 3615 1292 3657 c.
1331 3599 1395 3653 D.
1436 3602 1560 3655 Vat.
1598 3601 1680 3656 ed.
1714 3616 1798 3669 pr.
1833 3620 1897 3669 v.,
1932 3602 2171 3657 abundat
2201 3603 2383 3659 fructu

198 3681 250 3734 1.
285 3714 343 3722 -—
383 3700 483 3753 pro
520 3699 661 3740 se-c.
696 3683 763 3741 D.
799 3683 885 3741 ed.
921 3699 1000 3753 pr.
1036 3702 1104 3749 v.,
1139 3701 1239 3753 per
1271 3701 1330 3739 se
1365 3686 1488 3742 Vat.
1528 3718 1594 3727 —
1634 3689 1713 3741 1-3.
1747 3687 2201 3757 locupletantibus
2238 3708 2280 3745 c.
2316 3692 2383 3745 D.

81 3848 86 3857 '
199 3766 252 3822 L.
288 3771 406 3825 Vat.
425 3812 438 3836 ,
491 3769 850 3840 locupletibus
899 3770 980 3825 ed.
1025 3786 1108 3840 pr.
1153 3790 1199 3826 v.
1255 3802 1312 3812 —
1397 3776 1478 3825 15.
1527 3772 1663 3828 fiunt
1698 3790 1825 3844 ergo
1860 3789 1907 3831 c.
1944 3775 2007 3830 D.
2050 3778 2201 3843 vat„
2258 3785 2384 3834 sunt

201 3852 352 3921 igitur
386 3855 468 3910 ed.
490 3870 573 3923 pr.
592 3874 724 3910 v.--
761 3856 1013 3926 operibus
1049 3858 1203 3912 bonis
1239 3864 1361 3922 (τοῦ
1399 3864 1546 3930 ἔργου
1584 3871 1675 3915 τοῦ
1699 3864 1919 3930 δικαίου)
1941 3862 2091 3927 c.D.‚
2126 3865 2384 3921 bonorum

203 3942 442 4006 operibus
476 3940 632 3996 bonis
654 3942 794 4007 Vat„
829 3944 1088 3998 bonorum
1123 3960 1344 4014 operum
1377 3961 1596 4002 suorum
1632 3948 1717 4007 ed.
1754 3964 1835 4017 pr.
1870 3967 1917 4004 v.
1953 3977 2018 3987 —
2058 3951 2134 4003 16.
2175 3966 2300 4020 ergo
2336 3970 2382 4009 c.
2482 4016 2487 4021 ,

203 4022 260 4076 D.
295 4024 445 4094 Vat.‚
481 4027 645 4097 igitur
681 4028 764 4082 ed.
800 4044 880 4098 pr.
919 4048 966 4085 v.
1013 4060 1068 4071 -
1105 4031 1318 4097 fecerit,
1367 4050 1476 4089 non
1511 4033 1791 4090 deseretur
1826 4035 1919 4103 (cf.
1960 4042 2065 4104 gr.)
2102 4053 2145 4092 c.
2185 4038 2266 4094 ed.
2302 4056 2381 4110 pr.
2456 4102 2462 4113 Ι

203 4128 271 4177 v.,
305 4114 537 4182 egerint,
589 4131 698 4170 non
733 4114 1054 4169 deseruntur
1088 4117 1237 4182 Vat.‚
1291 4119 1542 4185 fecerint,
1580 4120 1938 4176 exaudiuntur
1972 4122 2037 4177 D.
2080 4153 2141 4164 -
2190 4131 2250 4180 at
2282 4127 2386 4182 erit

205 4210 246 4252 c.
283 4198 360 4254 ed.
397 4215 510 4269 pr.,
569 4201 638 4255 ad
675 4200 778 4255 erit
810 4201 875 4255 D.
911 4201 1060 4267 Vat.,
1099 4217 1162 4257 ac
1198 4203 1301 4256 erit
1332 4223 1379 4259 v.
1415 4237 1483 4246 —
1517 4207 1621 4262 v17.
1656 4207 1795 4263 libro
1830 4223 1874 4261 c.
1917 4208 2035 4263 Vat.
2076 4206 2161 4267 ed.
2196 4228 2279 4281 pr.
2312 4231 2381 4279 v.,
2416 4246 2421 4251 -

206 4281 338 4351 ligno
372 4286 436 4339 D.
491 4316 553 4326 -
604 4286 794 4342 felices
829 4303 872 4342 c.
909 4287 972 4342 D.
1015 4289 1168 4353 vat..
1222 4287 1410 4343 felices
1456 4290 1625 4360 igitur
1657 4291 1741 4347 ed.
1776 4308 1857 4361 pr.
1892 4310 1938 4349 V.
1976 4324 2042 4334 -
2117 4299 2195 4352 18.
2230 4297 2385 4354 mini-

209 4370 367 4426 strare
399 4388 445 4430 c.
481 4372 546 4429 D.
583 4372 703 4428 Vat.
741 4373 825 4431 ed.
857 4390 967 4443 pr.,
1001 4372 1378 4431 administrare
1411 4394 1461 4435 v.
1495 4409 1563 4417 -—
1638 4379 1717 4433 19.
1753 4377 1895 4437 XIX.
1934 4378 2000 4435 D.
2039 4410 2103 4423 —
