3003 5080
491 395 581 462 ’12
1491 338 1717 452 Pastor..

497 575 696 635 iacens
743 572 900 634 enim
944 572 1007 632 in
1049 579 1207 633 terra
1251 573 1439 633 malos
1489 574 1719 635 fructus
1765 572 1881 652 dat,
1931 573 2067 654 quia
2110 586 2233 634 non
2265 573 2484 652 pendet
2508 590 2699 652 super

496 677 750 738 ulmum.
813 676 918 737 sed
975 677 1023 736 si
1082 695 1370 757 suspensa
1416 677 1596 738 fuerit
1637 677 1769 738 vitis
1812 696 1993 758 super
2039 677 2307 757 ulmum,
2366 683 2425 737 et
2469 695 2577 755 pro
2626 694 2698 736 se

499 788 558 842 et
615 799 724 862 pro
773 781 937 841 ulmo
981 780 1240 841 fructum
1289 781 1406 840 dat.
1474 761 1823 862 vide‘ergo',
1900 781 2033 861 quia
2079 789 2137 841 et
2180 781 2377 842 ulmus
2425 782 2699 841 fructum

501 886 598 951 dat
656 903 780 944 non
835 884 1125 944 minorem
1187 903 1365 963 quam
1425 884 1587 958 vitis,
1662 885 1765 945 sed
1819 885 2003 965 magis
2048 885 2395 944 maiorem“.
2487 883 2701 960 „Quo-

437 981 477 1042 5
504 989 746 1068 modo“,
790 988 1056 1068 inquam,
1107 986 1406 1063 „domine‚
1453 987 1738 1048 maiorem
1784 1007 1961 1069 quam
2007 985 2224 1048 vitis“?
2286 988 2699 1068 „Suspensa“‚

500 1090 726 1168 inquit,
803 1091 916 1166 „ad
976 1091 1206 1150 ulmum
1267 1092 1529 1152 fructum
1588 1092 1840 1153 multum
1900 1100 1957 1153 et
2017 1091 2244 1152 bonum
2291 1080 2445 1166 dat,¹
2492 1090 2703 1152 iacens

503 1201 701 1255 autem
743 1195 805 1254 in
850 1202 1010 1255 terra
1056 1195 1332 1273 exiguum
1381 1203 1439 1254 et
1481 1195 1807 1274 pessimum
1855 1196 2113 1256 fructum
2162 1196 2277 1256 dat.
2322 1195 2469 1256 haee
2511 1195 2704 1273 igitur

502 1298 821 1360 similitudo
881 1297 1070 1377 posita
1128 1307 1216 1358 est
1259 1299 1319 1359 in
1366 1318 1571 1360 servos
1620 1300 1750 1374 dei,
1820 1300 1881 1361 in
1925 1317 2245 1380 pauperem
2292 1306 2350 1358 et
2391 1298 2703 1359 divitem“.

501 1402 782 1482 respondi
840 1400 1144 1479 inquiens:
1223 1403 1544 1478 „Domine‚
1622 1404 1961 1465 demonstra
2006 1402 2209 1463 mihi“.
2302 1402 2555 1483 „Audi“,
2601 1401 2705 1462 in-

406 1506 484 1570 10
505 1505 655 1586 quit,
703 1505 904 1582 „dives
950 1505 1126 1565 habet
1169 1524 1330 1586 opeS‚
1377 1526 1409 1567 a
1455 1509 1697 1569 domino
1744 1526 1884 1568 vero
1931 1526 2157 1586 pauper
2204 1515 2304 1568 est.
2350 1504 2706 1566 distrahitur

505 1609 661 1670 enim
708 1609 862 1670 eirca
910 1607 1136 1669 divitias
1181 1629 1318 1670 suas
1365 1617 1422 1671 et
1467 1611 1637 1672 valde
1683 1611 1954 1690 exiguam
2003 1610 2329 1671 orationem
2366 1609 2576 1678 habet.
2643 1617 2707 1670 et

505 1731 683 1792 quam
745 1713 954 1792 habet,
1031 1713 1283 1775 inertem
1325 1715 1506 1775 habet
1552 1723 1610 1775 et
1655 1735 1776 1776 non
1823 1715 2139 1776 habentem
2184 1714 2481 1775 virtutem.
2556 1733 2705 1775 cum

501 1817 679 1896 igitur
727 1824 984 1896 praestat
1046 1817 1206 1879 dives
1248 1819 1494 1899 pauperi
1540 1839 1691 1898 quae
1738 1839 1888 1899 opus
1934 1828 2107 1893 sunt,
2181 1837 2407 1899 pauper
2448 1826 2577 1878 orat
2624 1817 2707 1878 ad

506 1920 817 1981 dominum
863 1939 970 2000 pro
1018 1921 1230 1996 divite,
1275 1931 1335 1982 et
1378 1923 1524 1983 deus
1569 1931 1832 2003 praestat
1877 1922 2035 1983 diviti
2079 1921 2277 1982 omnia
2319 1922 2511 2002 bona,
2558 1921 2706 2001 quia

407 2023 487 2086 15
507 2043 732 2105 pauper
774 2023 935 2084 dives
981 2032 1071 2084 est
1109 2023 1172 2085 in
1220 2025 1525 2100 oratione,
1572 2037 1630 2088 et
1673 2027 1951 2087 virtutem
1996 2033 2273 2106 magnam
2320 2025 2497 2086 habet
2540 2025 2705 2106 apud

508 2129 680 2189 deum
760 2128 946 2188 oratio
1007 2127 1154 2188 eius,
1226 2136 1371 2189 tune
1433 2148 1575 2209 ergo
1634 2130 1797 2190 dives
1859 2137 2120 2210 praestat
2175 2128 2373 2190 omnia
2432 2128 2707 2208 pauperi,

506 2231 640 2311 quia
685 2231 864 2292 sentit
907 2231 1077 2292 illum
1125 2231 1386 2292 exaudiri
1431 2252 1463 2292 a
1510 2233 1795 2306 domino,
1869 2241 1926 2294 et
1968 2232 2249 2294 libentius
2294 2231 2423 2292 sine
2468 2230 2708 2292 dubita-

505 2335 664 2396 tione
709 2342 969 2415 praestat
1015 2335 1066 2396 ei
1113 2334 1314 2395 omnia
1360 2343 1419 2394 et
1463 2343 1651 2412 curat,
1697 2355 1771 2397 ne
1818 2335 1959 2415 quid
2003 2335 2155 2396 desit
2196 2335 2269 2396 ei.
2316 2353 2543 2416 pauper
2588 2335 2706 2396 deo

508 2438 723 2519 gratias
781 2438 898 2518 agit
955 2457 1064 2518 pro
1131 2438 1304 2500 divite
1353 2439 1480 2518 [qui
1527 2439 1730 2501 tribuit
1776 2439 1893 2520 illi,
1969 2438 2425 2500 subministratis
2468 2439 2582 2500 sibi
2629 2438 2709 2499 ad

647 2611 692 2665 1.
725 2608 781 2662 in
815 2613 964 2666 terra
995 2624 1042 2665 o.
1076 2610 1140 2665 D.
1179 2611 1264 2667 ed.
1299 2625 1383 2678 pr.
1417 2628 1484 2677 v„
1521 2610 1578 2664 in
1612 2614 1813 2664 terram
1845 2611 1967 2667 Vat.
2004 2636 2071 2651 —·-
2107 2611 2277 2666 malos
2312 2609 2521 2664 fructus
2557 2625 2606 2664 c.
2634 2609 2705 2663 D.

507 2686 590 2759 ed.
627 2712 707 2765 pr.
747 2714 824 2763 v.,
883 2697 1084 2751 malum
1130 2696 1366 2752 fructum
1399 2697 1523 2751 Vat.
1563 2723 1625 2736 -·
1661 2713 1770 2752 non
1807 2716 1850 2753 c.
1884 2697 1953 2755 D.
1990 2698 2071 2752 ed.
2107 2714 2188 2766 pr.
2230 2714 2299 2761 v.,
2335 2712 2435 2751 om.
2471 2697 2597 2750 Vat.
2637 2724 2707 2735 -

505 2788 554 2840 2.
588 2788 644 2837 et
676 2798 774 2851 pro
811 2797 870 2837 se
907 2783 1019 2852 (καὶ
1055 2784 1171 2855 παρ’
1210 2784 1421 2851 ἑαυτῆς)
1455 2799 1503 2837 e.
1524 2786 1649 2838 vat.
1691 2784 1773 2839 ed.
1809 2800 1889 2851 pr.
1928 2802 2001 2849 v.‚
2034 2783 2153 2852 ipse
2170 2782 2239 2839 D.
2262 2812 2327 2821 —
2365 2784 2411 2837 3.
2434 2780 2561 2851 quia
2580 2787 2637 2835 et
2656 2796 2708 2839 c.

503 2870 569 2928 D.
610 2871 734 2927 Vat.
769 2870 922 2938 (quia
955 2868 1119 2924 etiam
1152 2868 1284 2923 Mss.
1325 2869 1525 2938 Angl.),
1560 2869 1689 2939 quia
1724 2869 1806 2924 ed.
1841 2886 1943 2939 ΡΥ.,
1979 2869 2123 2940 quod
2154 2888 2205 2926 v.
2244 2900 2307 2909 -
2361 2872 2413 2925 4.
2449 2866 2623 2936 magis
2658 2884 2706 2927 c.

502 2955 564 3007 D.
591 2958 730 3021 Vat„
763 2956 941 3025 potius
978 2956 1060 3011 ed.
1095 2972 1178 3024 pr.
1213 2974 1260 3011 v.
1298 2988 1366 2995 —
1401 2956 1659 3010 maiorem
1692 2971 1740 3013 e.
1761 2959 1884 3014 Vat.
1921 2956 2001 3011 ed.
2037 2972 2115 3026 pr.
2134 2974 2213 3023 v.‚
2249 2956 2505 3011 maiorem
2541 2971 2707 3023 quam

501 3040 626 3095 vitis
660 3042 728 3098 D.
786 3074 847 3083 ·--
921 3046 968 3096 6.
1015 3041 1086 3096 ad
1125 3042 1327 3096 ulmum
1361 3057 1408 3093 c.
1443 3042 1509 3095 D.
1550 3044 1672 3097 Vat.
1708 3042 1841 3099 Mss,
1876 3043 2033 3112 Angl.
2065 3044 2284 3108 Dress.,
2336 3043 2394 3096 in
2437 3042 2581 3096 ulmo
2618 3040 2706 3096 ed.

502 3145 586 3198 pr.
623 3128 738 3184 Cot.
781 3160 838 3169 -—
885 3130 932 3183 6.
979 3130 1026 3182 7.
1062 3128 1246 3183 iacens
1281 3133 1461 3183 autem
1495 3128 1554 3182 in
1586 3133 1733 3183 terra
1768 3130 2017 3199 exignum
2052 3134 2108 3184 et
2140 3128 2435 3199 pessimum
2468 3127 2707 3181 fructum

505 3215 598 3271 dat
633 3215 930 3287 (ἑρριμμὲνη
985 3216 1041 3267 δὲ
1084 3220 1253 3285 χαμαὶ
1300 3217 1496 3281 σαπρὸν
1549 3221 1634 3267 καὶ
1672 3216 1849 3287 ὀλίγον
1886 3222 2041 3287 φέρει)
2079 3233 2127 3274 c.
2163 3215 2249 3273 ed.
2284 3230 2363 3283 pr.
2400 3230 2475 3279 V„
2512 3229 2617 3269 om.
2638 3214 2704 3269 D.

503 3302 562 3357 L.
599 3302 720 3357 Vat.
768 3332 831 3342 —
903 3305 949 3355 8.
1009 3300 1300 3354 similitudo
1349 3314 1393 3355 c.
1428 3300 1495 3355 D.
1548 3301 1629 3356 ed.
1665 3318 1745 3372 pr.
1780 3319 1853 3368 v.,
1910 3318 2012 3360 om.
2046 3302 2169 3357 Vat.
2208 3331 2270 3340 —
2324 3300 2501 3368 posita
2534 3304 2619 3353 est
2656 3316 2705 3356 o.

509 3389 629 3442 Vat.
667 3388 748 3441 ed.
783 3404 862 3457 pr.
897 3406 963 3453 v.,
1001 3392 1086 3441 est
1117 3386 1296 3454 posita
1313 3387 1382 3443 D.
1408 3416 1475 3427 --
1512 3387 1570 3441 in
1604 3402 1788 3443 servos
1829 3388 1934 3455 dei,
1973 3388 2031 3442 in
2066 3403 2360 3458 pauperem
2395 3391 2449 3441 et
2487 3386 2706 3442 divitem

505 3489 549 3527 c.
586 3475 651 3528 D.
687 3476 812 3530 Vat.
847 3472 984 3529 Mss,
1018 3473 1191 3541 Angl.,
1229 3472 1398 3527 servis
1435 3473 1538 3538 dei,
1574 3475 1800 3544 pauperi
1838 3479 1892 3529 et
1926 3474 2076 3529 diviti
2112 3474 2195 3529 ed.
2231 3492 2311 3544 ΡΥ.
2346 3492 2397 3531 v.
2438 3502 2498 3515 -—
2538 3474 2585 3525 9.
2621 3473 2705 3527 in-

506 3560 696 3630 quiens
732 3576 774 3615 c.
814 3561 936 3614 Vat.
974 3559 1042 3613 ed
1096 3576 1175 3630 pr.
1210 3577 1276 3624 v.,
1315 3558 1537 3628 inquam
1570 3561 1635 3617 D.
1680 3592 1737 3601 -
1814 3548 1893 3615 11.
1931 3562 2073 3617 circa
2109 3563 2282 3631 (περὶ)
2319 3577 2361 3616 c.
2402 3560 2488 3617 ed.
2522 3576 2601 3629 pr.
2636 3578 2702 3623 ι,

507 3650 642 3704 citra
675 3649 745 3701 D.
786 3649 907 3701 Vat.
943 3645 1128 3701 Dress.
1174 3676 1227 3685 -—-
1272 3646 1571 3701 orationem
1605 3646 1770 3702 habet
1806 3662 1848 3700 c.
1887 3648 1949 3701 D.
1968 3689 1981 3714 ,
2023 3647 2321 3702 orationem
2354 3646 2504 3711 Vat.‚
2538 3646 2706 3701 habet

507 3721 805 3788 orationem
855 3730 938 3785 ed.
971 3749 1055 3803 pr.
1092 3751 1139 3787 v.
1183 3764 1243 3773 -
1318 3736 1398 3787 12.
1447 3738 1504 3785 et
1549 3748 1659 3787 non
1704 3733 1991 3789 habentem
2042 3733 2293 3788 virtutem
2340 3734 2453 3803 (καὶ
2488 3736 2595 3785 ἄνω
2630 3734 2702 3799 μὴ

444 3826 454 3833 ·
508 3824 728 3890 ἔχουσαν
775 3819 1030 3889 δύναμιν)
1055 3834 1122 3875 -c.
1157 3820 1224 3876 D.
1263 3820 1390 3888 (om.
1427 3822 1507 3880 et)
1543 3818 1625 3872 ed.
1662 3833 1741 3886 pr.
1776 3837 1854 3883 v.,
1910 3825 1965 3874 et
1996 3821 2284 3876 habentem
2322 3820 2442 3874 Vat.
2480 3850 2547 3858 —
2619 3822 2701 3875 13.

506 3908 750 3975 praestat
783 3903 932 3958 dives
965 3906 1193 3974 pauperi
1228 3920 1367 3974 quae
1405 3920 1541 3974 opus
1580 3910 1704 3959 sunt
1740 3921 1785 3960 e.
1818 3906 1885 3959 D.
1923 3907 2071 3971 Vat.,
2107 3906 2259 3961 dives
2294 3910 2539 3976 praestat
2569 3922 2702 3975 pau-

507 3992 624 4061 peri
658 4006 796 4059 quae
832 3989 912 4044 illi
949 3991 1056 4061 (illi
1094 4007 1192 4045 om.
1231 3992 1394 4047 etiam
1427 3991 1564 4047 Mss,
1598 3992 1783 4061 Angl.)
1821 4007 1957 4059 opus
1994 3998 2119 4047 sunt
2154 3994 2237 4049 ed.
2276 4008 2357 4062 pr.
2395 4010 2441 4047 v.
2482 4022 2548 4030 ——
2624 3993 2701 4045 16.

509 4078 668 4132 deum
703 4077 802 4146 (τῷ
837 4078 974 4148 θεῷ)
1010 4094 1054 4132 c.
1097 4077 1191 4142 D.,
1229 4077 1497 4132 dominum
1535 4078 1657 4133 Vat.
1694 4078 1776 4133 ed.
1812 4094 1890 4146 pr.
1928 4097 1975 4133 v.
2016 4108 2077 4117 -—
2153 4080 2235 4134 17.
2277 4082 2352 4133 18.
2396 4079 2514 4133 sine
2550 4078 2701 4133 dubi-

505 4163 709 4219 tatione
745 4178 792 4221 c.
827 4163 894 4217 D.
929 4164 1048 4218 Vat.
1089 4163 1169 4218 ed.
1204 4178 1304 4233 ΡΥ.,
1341 4179 1404 4220 ac
1442 4165 1559 4219 sine
1595 4164 1930 4220 dubitatione
1966 4181 2013 4218 v.
2048 4196 2115 4204 ——
2189 4166 2267 4218 18.
2305 4165 2449 4219 desit
2482 4164 2534 4219 ei
2570 4180 2615 4218 c.
2636 4164 2699 4217 D.

509 4250 628 4305 Vat.
666 4250 748 4306 ed.
781 4266 890 4318 ΡΥ.,
927 4250 977 4304 ei
1014 4249 1154 4304 desit
1188 4267 1238 4307 v.
1284 4280 1348 4289 -
1424 4252 1649 4315 19—73,
1686 4252 1735 4305 9.
1773 4249 2015 4319 supplevi
2052 4264 2083 4305 e
2117 4249 2261 4318 Pal„
2322 4252 2390 4311 ef.
2424 4267 2501 4320 gr.
2543 4250 2699 4315 aeth„
