3003 5080
1998 1104 2541 1330 {witi

1139 1383 1640 1482 Praefatio.
1693 1545 1697 1548 ἡ

507 1589 782 1686 Pastoris
825 1625 1080 1687 Hermae
1136 1625 1380 1684 latinam
1441 1625 1773 1686 versionem
1828 1626 1943 1686 iam
1988 1645 2351 1689 memorasse
2396 1630 2482 1689 vi-

291 1711 522 1773 dentur·
538 1711 758 1772 Versus
801 1712 1236 1792 scripturarum
1284 1729 1591 1772 sacrarum
1636 1712 1825 1772 codici
1864 1712 2324 1774 Claromontano
2355 1717 2480 1796 epi—

291 1799 586 1859 stularum
617 1797 1004 1859 Paulinarum
1030 1797 1232 1872 additi,
1277 1798 1379 1874 qui
1409 1798 1739 1858 secundum
1769 1798 2135 1860 Crednerum
2166 1800 2364 1864 libros,
2386 1821 2480 1862 sa-

290 1904 426 1945 cros
486 1885 548 1944 in
609 1885 856 1945 ecclesia
899 1885 1173 1946 Africana
1233 1883 1394 1944 tertii
1441 1883 1627 1945 seculi
1670 1884 1967 1945 lectitatos
2012 1896 2475 1948 recensuerunt:

287 1987 546 2067 pastoris
589 1987 743 2047 versi
787 1988 1043 2065 ver[sus]
1093 1986 1201 2045 llll
1246 1989 1532 2064 (quatuor
1562 1987 1791 2065 millia).
1854 1987 2145 2066 Cypriano
2179 1991 2476 2069 adscripta

289 2073 546 2133 Homilia
577 2073 648 2134 de
677 2073 1038 2134 aleatoribus
1065 2073 1326 2133 laudavit
1351 2073 1495 2133 Sim.
1518 2073 1617 2147 IX,
1644 2069 1717 2135 31
1748 2093 1807 2152 p.
1841 2073 1979 2149 157,
2004 2073 2250 2138 6—10:
2300 2077 2480 2153 „dicit

291 2159 448 2220 enim
495 2159 793 2238 scriptura
839 2159 1068 2220 divina:
1115 2159 1231 2220 Vae
1263 2159 1376 2220 erit
1408 2160 1772 2238 pastoribus,
1821 2161 2032 2237 quodsi
2064 2161 2178 2240 ipsi
2206 2171 2477 2242 pastores

261 2233 660 2324 “negligentes
735 2247 956 2325 reperti
1017 2247 1274 2320 fuerint,
1351 2245 1494 2322 quid
1555 2247 2005 2326 respondebunt
2062 2249 2305 2309 domino
2365 2268 2477 2329 pro

289 2330 656 2412 pecoribus?
729 2351 759 2392 a
816 2331 1132 2411 pecoribus
1189 2351 1251 2392 se
1309 2351 1436 2392 esse
1496 2329 1781 2393 vexatos?
1854 2351 1975 2394 non
2020 2335 2299 2395 credetur
2340 2335 2475 2396 illis.

290 2419 656 2479 incredibilis
700 2437 796 2478 res
843 2426 950 2494 est,
993 2429 1264 2498 pastores
1308 2418 1432 2496 pati
1475 2437 1651 2497 posse
1698 2418 1916 2497 aliquid
1964 2438 1997 2478 a
2038 2439 2277 2500 pecore.
2353 2441 2478 2483 ma-

291 2505 381 2583 gis
439 2504 775 2586 punientur
807 2512 1060 2603 propter
1105 2504 1479 2565 mendacium
1525 2521 1719 2566 suum.
1730 2509 1763 2540 ‘⁴
1852 2505 2098 2567 latinam
2144 2507 2477 2569 versionem

291 2590 654 2671 Hieronymo
701 2592 1000 2669 antiquiol
1003 2611 1096 2652 em
1141 2611 1305 2665 esse,
1353 2592 1615 2653 eiusdem
1659 2591 1811 2653 liber
1856 2592 1928 2653 de
1974 2593 2113 2653 viris
2159 2594 2376 2655 illustr.
2424 2614 2475 2656 c.

295 2676 375 2739 10
422 2679 614 2752 docet,
657 2696 776 2755 quo
807 2678 1062 2738 Hermae
1089 2678 1394 2738 Pastorem
1439 2678 1601 2757 apud
1643 2678 1885 2738 Latinos
1931 2678 2047 2739 iam
2083 2698 2273 2758 paene
2304 2682 2476 2759 igno-

289 2773 420 2825 tum
481 2784 610 2825 esse
667 2771 919 2825 testatus
963 2772 1070 2825 est.
1159 2762 1436 2824 nonnulli
1480 2763 1722 2840 quidem
1765 2765 1875 2824 viri
1921 2765 2079 2826 docti
2122 2767 2298 2827 etiam
2340 2775 2476 2846 post

291 2850 724 2930 Hieronymum
758 2850 938 2911 latina
983 2850 1255 2911 versione
1303 2850 1394 2910 usi
1438 2857 1600 2911 sunt.

505 2937 761 2997 Hermae
803 2937 1048 2997 latinam
1094 2936 1427 2997 versionem
1473 2936 1775 3013 antiquam
1823 2936 2053 3015 primus
2098 2937 2279 2998 edidit
2313 2937 2478 2997 Iaco-

293 3022 406 3083 bus
447 3022 640 3083 Faber
683 3024 1054 3103 Stapulensis
1111 3023 1172 3083 in
1221 3022 1438 3099 „Libro
1490 3023 1672 3083 trium
1719 3022 1984 3084 virorum
2031 3032 2089 3083 et
2129 3024 2311 3084 trium
2358 3025 2479 3103 spi-

295 3109 556 3170 ritalium
615 3109 990 3188 virginum“‚
1050 3109 1238 3169 PariS.
1292 3105 1456 3171 1513
1504 3110 1606 3170 fol.
1675 3109 1867 3169 virum
1926 3109 2168 3170 doctum
2228 3110 2480 3171 Hermae

294 3194 601 3256 Pastorem
649 3196 832 3271 „satis
879 3200 1182 3256 correcte“
1231 3195 1483 3256 edidisse
1529 3195 1657 3255 Alb.
1704 3194 1773 3255 R.
1819 3195 1895 3255 M.
1942 3195 2179 3256 Dressel
2227 3196 2476 3257 censuit.

295 3282 572 3359 equidem
619 3300 741 3342 non
787 3300 961 3360 neg0‚
1007 3282 1264 3360 genuina
1309 3282 1601 3342 nonnulla
1646 3282 1708 3341 in
1754 3280 2013 3342 editione
2052 3282 2324 3362 principe
2353 3302 2479 3343 ser-

295 3376 427 3428 vata
469 3387 630 3443 esse,
675 3385 826 3445 quae
871 3379 1190 3445 sequentes
1235 3368 1492 3428 editores
1537 3375 1950 3442 mutaverunt,
1999 3386 2247 3446 eamque
2292 3368 2479 3429 codici

295 3454 578 3514 Vaticano
637 3472 1072 3532 nonnunquam
1131 3462 1444 3533 cognatam
1499 3474 1629 3515 esse
1688 3454 2093 3515 animadverti.
2182 3455 2288 3515 sed
2341 3474 2479 3534 per-

296 3540 487 3601 multa
517 3541 590 3600 ad
623 3540 935 3601 arbitrium
967 3540 1224 3602 Fabrum
1259 3548 1544 3615 mutasse,
1590 3541 1900 3619 antiquum
1934 3557 2269 3602 sermonem
2304 3560 2479 3621 saepe

299 3627 616 3701 delevisse,
692 3637 975 3706 corrupta
1030 3636 1252 3688 temere
1312 3628 1641 3688 restituisse
1696 3628 1965 3705 cognovi.
2040 3628 2243 3688 eadem
2302 3628 2478 3688 etiam

298 3714 447 3773 alios
491 3714 649 3773 viros
697 3713 902 3774 doctos
948 3734 979 3774 e
1029 3732 1159 3774 mea
1205 3714 1464 3791 editione
1510 3712 1856 3793 cognituros
1902 3733 2030 3774 esse
2057 3722 2225 3793 put0‚
2270 3732 2481 3791 quam—

298 3800 390 3865 vis
443 3800 560 3860 illis
617 3799 761 3859 solis
821 3799 1096 3860 editionis
1153 3800 1440 3881 principis
1499 3800 1857 3861 lectionibus
1914 3800 2255 3876 recensitiS‚
2330 3819 2480 3879 quae

299 3886 558 3964 quodam
618 3886 797 3945 modo
856 3886 1324 3948 considerandae
1383 3895 1442 3947 et
1501 3905 1533 3946 a
1578 3886 1968 3964 sequentibus
2013 3886 2341 3948 editoribus
2387 3907 2481 3948 re—

297 3982 503 4051 ceptae
547 3980 706 4033 sunt.

513 4065 830 4135 sequentes
863 4056 1152 4135 editiones
1183 4056 1267 4119 lo.
1297 4058 1426 4118 Alb.
1457 4057 1764 4119 Fabricius
1795 4058 1901 4119 has
1924 4059 2264 4119 recensuit:
2316 4059 2481 4135 „Nic.

301 4144 578 4207 Gerbelii.
639 4147 1015 4223 Argentorat.
1065 4142 1231 4204 1522
1291 4144 1447 4223 apud
1506 4144 1590 4205 lo.
1636 4145 1970 4206 Schottum.
2026 4142 2085 4206 4.
2146 4146 2212 4205 ln
2262 4146 2483 4206 Ortho-

302 4230 702 4312 doxographis
759 4230 846 4291 Io.
889 4229 1135 4291 Heroldi
1179 4230 1355 4291 Basil.
1401 4228 1565 4293 1553
1620 4239 1679 4291 et
1720 4231 1807 4292 10.
1851 4228 1969 4291 lac.
2016 4230 2267 4312 Grynaei
2321 4230 2491 4321 1569

2058 4334 2086 4365 ἸΙ
2174 4362 2179 4367 ,
