3003 5080
598 336 684 403 82
1501 392 1513 401 .
1584 342 1791 400 Pastor.

599 512 728 573 sine
768 513 1205 577 intermissione
1250 496 1535 579 tribuere.
1583 527 1646 581 tu
1693 538 1854 599 vero,
1900 520 2000 600 qui
2046 518 2431 580 confirmatus
2473 536 2535 579 es
2578 514 2783 579 abillo

598 616 915 677 venerabili
977 617 1196 679 nuncio
1253 627 1312 680 et
1365 620 1637 700 accepisti
1698 621 2025 682 orationem
2069 630 2189 683 tam
2235 629 2573 700 potentem,
2643 638 2781 680 cum

603 718 771 797 piger
815 738 938 779 non
983 719 1088 793 siS,
1140 719 1255 781 iam
1306 739 1414 782 cur
1459 742 1491 782 a
1537 723 1778 783 domino
1820 723 2186 791 intellectum
2226 741 2349 783 non
2394 721 2542 800 petis
2584 731 2640 781 et
2684 740 2787 781 ac-

601 818 834 900 cipis“?
889 822 1019 881 dico
1063 822 1151 882 ei:
1226 823 1414 900 „Cum
1461 833 1519 885 te
1561 833 1929 904 praesentem
1976 825 2260 899 habeam,
2302 843 2543 885 necesse
2586 831 2679 885 est
2718 832 2789 883 ut

543 914 632 984 5a
676 936 734 990 te
789 932 980 1003 petam
1043 934 1102 985 et
1159 930 1557 1005 interrogem;
1630 936 1696 989 tu
1759 927 1916 987 enim
1981 926 2178 987 omnia
2236 926 2379 986 mihi
2423 926 2685 986 ostendis
2730 934 2791 985 et

601 1026 866 1107 loqueris
923 1026 1067 1086 mihi
1131 1046 1263 1087 cum
1313 1028 1470 1089 adeS.
1532 1048 1669 1089 nam
1716 1029 1764 1090 si
1803 1029 1929 1091 sine
1972 1036 2035 1089 te
2075 1048 2140 1089 ea
2185 1028 2441 1088 viderem
2488 1028 2577 1088 vel
2619 1026 2789 1088 audi-

596 1148 758 1208 rem,
802 1137 948 1189 tunc
992 1127 1300 1189 dominum
1342 1148 1614 1209 rogarem
1640 1178 1656 1205 ,
1701 1138 1768 1192 ut
1810 1132 2241 1192 demonstraret
2284 1130 2487 1191 mihi“.

804 1232 914 1292 ὅθι
955 1231 1295 1309 respondit:
1358 1232 1671 1309 „Dixeram
1718 1233 1821 1293 tibi
1866 1241 1926 1293 et
1967 1232 2147 1312 paulo
2194 1243 2362 1307 ante,
2405 1241 2465 1293 te
2504 1232 2787 1293 callidum

597 1354 723 1397 esse
762 1344 820 1394 et
859 1335 1178 1408 audacem,
1238 1334 1338 1413 qui
1382 1335 1709 1396 solutiones
1752 1334 2205 1396 similitudinum
2248 1335 2614 1414 interrogas»,
2680 1336 2788 1395 sed

501 1440 896 1516 10quatenus
936 1435 1015 1497 ita
1061 1454 1122 1495 es
1166 1436 1464 1517 pertinax,
1530 1438 1751 1498 solvam
1798 1437 1903 1498 tibi
1949 1437 2101 1497 hanc
2146 1453 2325 1513 quam
2371 1436 2669 1497 desideras
2708 1437 2790 1497 si-

599 1538 1012 1619 militudinem,
1058 1546 1126 1599 ut
1168 1539 1442 1600 omnihus
1485 1549 1690 1600 notam
1737 1540 1915 1599 facias
1941 1558 2090 1599 eam.
2136 1539 2271 1600 audi
2304 1542 2529 1614 nunc“,
2570 1540 2789 1619 inquit,

599 1652 702 1719 „et
740 1640 975 1721 percipe
1017 1640 1237 1703 animO.
1293 1642 1499 1702 orbem
1548 1651 1837 1703 terrarum
1883 1641 1978 1701 hic
2023 1641 2245 1701 fundus
2290 1640 2609 1719 significat,
2686 1642 2790 1721 qui

596 1744 658 1804 in
705 1742 1146 1803 similitudinem
1193 1752 1282 1803 est
1316 1743 1563 1823 positus.
1610 1744 1887 1805 dominus
1915 1753 2113 1804 autem
2145 1744 2314 1804 fundi
2346 1744 2793 1805 demonstratur

599 1866 724 1907 esse
782 1845 885 1923 qui
927 1846 1146 1906 creavit
1189 1854 1404 1907 cuncta
1451 1854 1509 1907 et
1552 1846 1986 1907 consummavit
2030 1854 2087 1906 et
2131 1846 2405 1905 virtutem
2452 1846 2611 1906 dedit
2654 1846 2789 1907 illis.

501 1938 581 2005 15
598 1949 754 2009 filius
798 1956 996 2008 autem
1041 1946 1281 2027 spiritus
1324 1957 1565 2009 sanctus
1611 1956 1717 2009 est.
1764 1966 1971 2008 servus
2014 1965 2155 2008 vero
2198 1948 2297 2008 ille
2340 1948 2496 2009 filius
2540 1948 2633 2009 dei
2680 1958 2791 2010 est.

596 2052 762 2112 vinea
824 2058 1021 2110 autem
1075 2049 1333 2129 populus
1378 2058 1500 2123 est,
1574 2068 1749 2127 quem
1796 2058 1987 2110 servat
2027 2050 2174 2128 ipse.
2219 2050 2336 2130 pali
2380 2067 2517 2109 vero
2563 2050 2793 2125 nuncii,

599 2154 699 2233 qui
758 2173 788 2213 a
849 2152 1090 2213 domino
1149 2153 1464 2233 praepositi
1522 2162 1663 2211 sunt
1719 2151 1790 2211 ad
1837 2152 2263 2213 continendum
2306 2151 2597 2231 populum
2642 2153 2792 2214 eius,

597 2254 814 2316 herbae
858 2260 1086 2327 autem,
1135 2273 1287 2333 quae
1329 2254 1562 2315 evulsae
1605 2262 1745 2314 sunt
1788 2253 1861 2314 de
1904 2254 2106 2329 vinea,
2181 2255 2432 2315 admissa
2477 2263 2617 2315 sunt
2662 2274 2790 2315 ser-

596 2420 834 2475 tentibus
885 2436 920 2475 a
963 2434 1024 2473 se
1069 2420 1276 2475 cunctis
1313 2420 1428 2475 sine
1463 2419 1861 2475 intermissione
1894 2420 2132 2475 tribuere
2167 2437 2212 2475 c.
2249 2420 2313 2473 D.
2352 2420 2474 2475 Vat.
2512 2420 2594 2489 (et
2624 2436 2663 2475 a
2702 2426 2791 2483 se)

603 2506 830 2575 [cunctis
879 2504 1040 2560 etiam
1085 2506 1147 2561 L.
1185 2507 1348 2576 Vict.]
1397 2504 1481 2561 ed.
1530 2522 1613 2576 pr.
1656 2507 1925 2575 (cuncta),
1982 2512 2044 2560 ut
2086 2506 2392 2575 petentibus
2428 2522 2463 2562 a
2499 2520 2557 2560 se
2590 2513 2792 2562 cuncta

601 2593 718 2648 sine
751 2592 1148 2647 intermissione
1181 2594 1385 2651 tribuat
1415 2611 1465 2647 v.
1513 2625 1559 2632 -
1645 2594 1692 2645 1.
1729 2607 1855 2647 vero
1892 2592 2004 2660 (δὲ)
2040 2605 2086 2643 c.
2121 2590 2217 2657 D.,
2256 2604 2381 2660 ergo
2421 2593 2541 2646 Vat.
2578 2591 2666 2646 ed.
2706 2609 2789 2662 pr.

599 2697 650 2734 v.
688 2710 758 2722 ·-
805 2679 1148 2735 confirmatus
1185 2691 1230 2730 c.
1267 2677 1390 2732 Vat.
1428 2679 1514 2732 ed.
1552 2694 1633 2747 pr.
1670 2697 1748 2742 v.‚
1805 2684 1859 2731 et
1894 2677 2239 2732 confirmatus
2274 2678 2343 2731 D.
2380 2706 2447 2718 -
2518 2680 2564 2730 1.
2600 2681 2651 2732 2.
2694 2679 2789 2732 illo

598 2765 894 2821 venerabili
929 2782 974 2820 c.
1012 2763 1070 2817 C.
1104 2762 1171 2815 D.
1213 2763 1336 2817 Vat.
1373 2763 1512 2819 Vict.
1548 2763 1682 2816 MsS.
1719 2763 1874 2830 Angl.
1912 2763 2127 2826 Dress.‚
2184 2763 2301 2817 eius
2350 2763 2432 2817 ed.
2468 2777 2581 2832 pr.,
2634 2762 2789 2818 illius

579 2851 716 2912 ,Cot
755 2879 818 2890 -—
891 2853 942 2904 3.
990 2849 1098 2903 iam
1144 2864 1241 2902 cur
1274 2850 1389 2912 (διὰ
1427 2853 1512 2912 τί)
1550 2865 1595 2902 c.
1635 2849 1787 2912 Vat„
1841 2865 1937 2902 cur
1970 2849 2073 2914 D.„
2119 2864 2215 2902 cur
2248 2849 2357 2904 iam
2393 2849 2476 2902 ed.
2512 2864 2593 2918 pr.
2630 2867 2682 2902 v.
2725 2879 2788 2888 —

600 2938 733 2991 mihi
768 2937 947 2993 omnia
977 2935 1098 2990 Vat.
1135 2962 1202 2974 —
1273 2937 1320 2986 5.
1360 2937 1408 2986 6.
1458 2939 1513 2987 et
1558 2935 1796 3003 loqueris
1846 2934 1978 2988 mihi
2012 2949 2132 2988 cum
2166 2933 2299 2988 ades
2336 2935 2438 2998 (καὶ
2472 2941 2635 2996 λαλεῖς
2670 2937 2789 3002 μετ’

602 3026 758 3093 ἐμοῦ)
791 3039 837 3077 c.
859 3021 942 3076 ed.
961 3035 1061 3090 pr„
1099 3025 1153 3072 et
1183 3017 1422 3087 loqueris
1455 3033 1578 3074 cum
1612 3019 1743 3074 ades
1778 3027 1855 3086 νζ,
1903 3024 1957 3072 et
1987 3019 2225 3088 loqueris
2258 3020 2393 3073 mihi
2425 3020 2557 3075 ades
2592 3019 2679 3086 D.,
2736 3024 2789 3074 et

600 3110 841 3179 quueris
874 3102 1007 3159 mihi
1041 3102 1210 3158 audes
1244 3101 1367 3157 Vat.
1403 3131 1470 3144 —-
1509 3107 1557 3158 6.
1594 3119 1661 3159 ea
1694 3106 1879 3172 (αὖτὰ)
1916 3119 1961 3157 c.
2000 3106 2083 3160 ed.
2120 3121 2201 3174 pr.
2238 3124 2303 3172 v.‚
2340 3119 2459 3160 eam
2477 3108 2537 3156 D.
2564 3107 2687 3160 Vat.
2730 3135 2781 3146 -

605 3195 653 3247 7.
691 3193 1083 3248 demonstraret
1113 3205 1158 3242 c.
1179 3187 1242 3240 B.
1259 3186 1344 3254 D.,
1381 3187 1838 3246 demonstraretur
1854 3191 1933 3255 L.,
1969 3191 2277 3245 ostenderet
2295 3191 2417 3246 Vat.
2435 3191 2519 3252 ed.
2542 3206 2625 3261 pr.
2647 3210 2697 3246 v.
2718 3220 2787 3230 —-

741 3282 790 3332 8.
828 3283 882 3331 et
923 3275 1086 3346 paulo
1125 3277 1252 3328 ante
1292 3276 1404 3340 (καὶ
1436 3278 1572 3344 ἄρτι)
1608 3292 1653 3330 c.
1692 3277 1757 3330 D.
1802 3277 1921 3330 Vat.
1958 3276 2042 3328 ed.
2078 3291 2159 3344 pr.
2188 3276 2408 3340 0Dress„
2460 3279 2623 3346 paulo
2661 3281 2787 3330 ante

601 3364 652 3423 v.
691 3394 755 3406 -
826 3367 876 3416 8.
919 3367 968 3416 9.
1023 3367 1077 3415 te
1111 3359 1366 3414 callidum
1400 3366 1521 3414 esse
1558 3377 1603 3416 e.
1640 3361 1763 3415 Vat.
1802 3361 1886 3414 ed.
1923 3376 2037 3429 pr.,
2090 3361 2345 3415 callidum
2377 3367 2432 3415 te
2468 3377 2590 3416 esse
2626 3363 2694 3414 D.
2736 3380 2783 3415 v.

602 3479 670 3490 —
707 3454 755 3504 9.
793 3439 1085 3502 solutiones
1120 3445 1529 3501 similitudinum
1562 3462 1609 3501 c.
1644 3447 1709 3500 D.
1747 3446 1831 3499 ed.
1867 3462 1949 3515 pr.
1986 3463 2053 3510 v.,
2090 3447 2371 3502 solutionis
2405 3447 2786 3502 similitudines

601 3534 726 3590 Vat.
768 3563 836 3575 —
887 3533 1186 3600 interroges
1220 3531 1336 3587 Cot.
1374 3556 1438 3572 -—
1513 3533 1594 3584 10.
1632 3536 1897 3599 quatenus
1935 3534 2169 3600 (ἐπειδὴ)
2204 3546 2250 3584 c.
2291 3533 2387 3598 D.,
2442 3535 2689 3600 quamvis
2723 3533 2783 3584 L.

601 3619 753 3687 Vat.,
790 3619 917 3688 quia
950 3617 1034 3672 ed.
1073 3633 1154 3687 pr.
1189 3605 1248 3671 v.
1275 3646 1340 3656 —
1414 3618 1496 3671 12.
1534 3616 1623 3669 hic
1656 3615 1859 3669 fundus
1886 3631 1931 3669 c.
1966 3615 2065 3681 D.,
2102 3617 2180 3671 sic
2213 3617 2415 3671 fundus
2454 3618 2609 3685 Vat.‚
2661 3618 2783 3672 fun-

603 3706 706 3760 dus
735 3707 828 3760 ille
864 3705 948 3760 ed.
982 3719 1064 3773 pr.
1101 3720 1150 3756 v.
1205 3731 1270 3744 -
1346 3705 1427 3756 13.
1464 3707 1549 3756 est
1586 3701 1795 3770 positus
1836 3716 1881 3753 c.
1918 3701 2041 3756 Vat.
2081 3702 2165 3756 ed.
2200 3718 2282 3771 pr.
2320 3721 2399 3768 v.‚
2452 3703 2663 3772 positus
2701 3708 2783 3758 est

599 3791 667 3845 D.
705 3823 773 3832 --
844 3793 925 3844 14.
964 3787 1056 3857 qui
1091 3801 1138 3840 c.
1174 3786 1239 3842 D.
1273 3787 1426 3850 Vas,
1460 3785 1509 3838 is
1546 3784 1638 3854 qui
1674 3785 1758 3838 ed.
1794 3802 1875 3854 pr.
1912 3804 1960 3841 v.
1997 3815 2061 3826 —
2106 3789 2440 3842 consumavit
2472 3789 2538 3842 D.
2576 3789 2665 3842 ed.
2700 3803 2778 3858 pr.

600 3905 667 3919 —-
712 3875 863 3931 dedit
903 3875 1013 3928 illis
1056 3873 1151 3941 (cf.
1187 3880 1294 3942 gr.)
1329 3871 1569 3934 emend„
1622 3870 1771 3925 dedit
1801 3871 1881 3925 illi
1915 3871 1981 3924 D.
2023 3871 2147 3926 Vat.
2183 3872 2347 3941 (ille),
2397 3874 2476 3928 illi
2512 3874 2663 3928 dedit
2696 3873 2778 3928 ed.

595 3977 695 4032 pr.,
728 3962 838 4016 illis
872 3959 1022 4015 dedit
1052 3977 1099 4014 v.
1144 3987 1210 3999 —
1283 3958 1364 4012 16.
1402 3971 1563 4026 quem
1598 3962 1776 4011 servat
1808 3957 1926 4026 ipse
1960 3959 2042 4023 (ὃν
2080 3959 2232 4018 αὐτὸς
2269 3959 2573 4026 ἐφύτευυεν)
2610 3973 2656 4012 c.
2696 3958 2777 4012 ed.

593 4063 674 4117 pr.
712 4064 786 4111 v.,
824 4061 984 4115 quam
1019 4051 1198 4100 servat
1230 4043 1346 4112 ipse
1381 4043 1441 4094 L.
1477 4041 1631 4105 Vnt„
1670 4047 1849 4096 servat
1868 4053 2045 4110 'quam
2077 4043 2169 4097 ille
2204 4043 2269 4096 D.
2308 4073 2373 4084 -
2410 4043 2595 4097 nuncii
2630 4061 2676 4098 c.
2712 4043 2776 4096 D.

589 4133 714 4188 Vat.
734 4173 749 4198 ‚
785 4131 967 4186 nuncii
1001 4135 1128 4186 sunt
1160 4128 1244 4183 ed.
1282 4143 1361 4198 pr.
1399 4145 1446 4182 v.
1485 4157 1551 4166 —
