3003 5080
692 371 777 440 46
1395 435 1399 440 ,
1688 371 1900 432 Pastor.

683 548 766 610 -de
805 549 896 610 his
938 546 1228 608 similibus
1265 546 1448 609 rebus
1490 551 1891 628 supervacuiS.
1937 551 2083 612 haec
2124 549 2283 611 enim
2326 547 2506 610 stulta
2535 555 2679 609 sunt
2708 554 2764 609 et
2784 565 2860 607 su·

691 671 982 732 pervacua
1041 658 1100 713 et
1157 633 1308 712 van’a
1365 651 1549 714 servis
1605 654 1718 714 dei.
1782 654 2206 734 animaequitas
2266 653 2422 714 enim
2470 653 2659 714 valida
2704 661 2863 714 estet

693 756 860 817 fortis
905 764 962 818 et
1004 755 1182 817 habet
1226 755 1507 816 virtutem
1553 775 1831 837 magnam
1873 767 1932 820 et
1973 757 2138 819 sedet
2178 758 2239 818 in
2283 756 2735 838 amplitudinem
2764 775 2861 816 ma·
2896 758 2901 768 '

491 871 546 890 ‘⁵‘
694 879 907 938 gnam,
952 859 1184 940 hilariS,
1227 859 1288 919 in
1335 877 1478 939 pace
1523 861 1787 939 gaudens
1832 870 1891 922 et
1930 861 2331 923 honorificans
2374 861 2684 923 dominum
2729 859 2861 920 omni

631 957 673 1020 5
694 972 960 1045 tempore
1013 970 1340 1024 mansuete.
1394 963 1542 1024 haec
1600 983 1740 1043 ergo
1800 965 2225 1046 animaequitas
2284 964 2507 1026 habitat
2564 983 2703 1026 cum
2742 964 2861 1024 bene

691 1067 1044 1143 fidentibuS‚
1119 1085 1258 1129 nam
1316 1066 1624 1128 iracundia
1666 1068 1844 1130 stulta
1891 1079 1979 1132 est
2018 1078 2076 1132 et
2119 1068 2261 1130 levis
2302 1077 2362 1129 et
2402 1068 2580 1130 fatua.
2630 1069 2707 1130 de
2746 1066 2863 1127 stul-

690 1171 810 1232 titia
857 1191 995 1232 vero
1043 1169 1305 1232 nascitur
1349 1169 1715 1253 amaritudo,
1778 1179 1838 1234 et
1885 1192 1955 1234 ex
1998 1171 2389 1234 amaritudine
2430 1171 2768 1245 iracundia,
2824 1178 2863 1229 et

691 1293 763 1336 ex
805 1273 1109 1336 iracundia
1152 1275 1336 1335 furor.
1383 1272 1479 1335 hic
1524 1293 1597 1335 ex
1640 1283 1730 1336 tot
1772 1274 1941 1337 malis
1986 1284 2218 1338 creatus
2262 1275 2400 1337 facit
2426 1282 2737 1354 peccatum
2765 1291 2862 1332 ma-

693 1397 876 1457 gnum
937 1386 996 1439 et
1052 1377 1395 1439 insanabile.
1452 1396 1589 1439 cum
1645 1378 1803 1440 enim
1847 1379 1993 1441 haec
2036 1379 2234 1440 omnia
2275 1378 2339 1439 in
2385 1397 2509 1438 uno
2552 1397 2691 1440 vase
2734 1383 2862 1440 sunt.

594 1474 675 1539 10
694 1481 800 1543 ubi
843 1488 902 1542 et
945 1480 1187 1560 spiritus
1228 1489 1468 1544 sanctus
1512 1492 1802 1557 moratur,
1847 1502 1969 1544 non
2018 1482 2173 1562 capit
2214 1483 2332 1542 hoc
2372 1501 2492 1556 νας,
2534 1482 2641 1543 sed
2688 1499 2861 1560 super-

694 1585 840 1647 fluit.
897 1584 1178 1665 quoniam
1215 1593 1388 1646 tener
1431 1586 1672 1665 spiritus
1716 1605 1840 1647 non
1885 1594 2081 1666 potest
2122 1605 2260 1647 cum
2306 1585 2464 1647 malo
2507 1585 2721 1665 spiritu
2762 1603 2863 1644 mo-

693 1688 844 1763 rari,
917 1688 1137 1749 recedit
1195 1697 1252 1750 et
1311 1688 1534 1752 habitat
1586 1709 1723 1752 cum
1768 1698 2098 1752 mansueto.
2146 1689 2357 1751 deinde
2403 1708 2540 1750 cum
2584 1686 2864 1750 recesserit

695 1791 770 1852 ab
813 1791 1076 1866 homine,
1119 1811 1254 1853 cum
1303 1810 1421 1871 quo
1451 1792 1768 1875 habitabat,
1814 1795 1879 1855 fit
1910 1795 2092 1855 homo
2127 1812 2349 1854 vacuus
2378 1813 2409 1854 a
2442 1793 2651 1874 spiritu
2686 1800 2861 1854 sancto

696 1904 754 1957 et
812 1903 1016 1975 postea
1074 1896 1336 1976 repletur
1392 1897 1694 1977 spiritibus
1738 1898 1908 1959 malis
1954 1906 2013 1960 et
2054 1898 2411 1959 obcaecatur
2456 1917 2488 1957 a
2532 1897 2863 1978 cogitatione

593 1993 675 2056 15
694 1999 873 2060 bona.
933 1999 1017 2060 sic
1073 1999 1351 2062 omnibus
1408 1999 1707 2062 iracundis
1750 2001 2059 2082 contingit.
2104 2001 2313 2063 recede
2356 2019 2501 2081 ergo
2546 2009 2611 2062 tu
2657 2001 2731 2063 ab
2775 2001 2864 2060 ira-

696 2102 911 2166 cundia
967 2110 1027 2163 et
1079 2101 1261 2166 indue
1317 2103 1835 2184 animaequitatem
1900 2112 1959 2166 et
2000 2104 2206 2168 resiste
2248 2104 2588 2167 iracundiae
2633 2112 2692 2167 et
2731 2104 2864 2165 inve-

832 2365 878 2416 1.
914 2360 982 2416 de
1016 2357 1104 2414 his
1141 2375 1188 2417 c.
1222 2358 1288 2415 D.
1329 2361 1479 2425 Vat.,
1526 2375 1624 2430 pro
1656 2359 1726 2415 iis
1761 2359 1847 2417 ed.
1878 2375 1989 2430 pr„
2016 2375 2116 2431 pro
2148 2360 2236 2415 his
2270 2377 2319 2417 v.
2358 2387 2423 2401 —
2478 2359 2648 2416 attilta
2685 2363 2805 2415 sunt
2831 2373 2863 2410 c.

690 2448 816 2506 Vat.
851 2446 936 2502 ed.
968 2462 1052 2515 pr.
1086 2464 1162 2514 ι,
1217 2451 1348 2502 sunt
1395 2446 1565 2502 stulta
1597 2445 1662 2500 D.
1719 2473 1785 2486 —
1858 2449 1908 2502 2.
1954 2447 2350 2518 animaequitas
2387 2446 2531 2502 enim
2562 2460 2609 2502 c.
2648 2446 2719 2504 D.
2752 2445 2863 2504 Vat.,

690 2533 1083 2605 aequanimitas
1119 2533 1262 2589 enim
1302 2531 1388 2589 ed.
1423 2549 1505 2603 pr.
1523 2570 1540 2603 ‚
1574 2533 1971 2604 aequanimitas
2006 2539 2188 2591 autem
2221 2554 2272 2593 v.
2310 2564 2374 2577 -
2411 2532 2590 2592 valida
2626 2537 2714 2589 est
2747 2549 2787 2587 c.
2816 2529 2864 2582 D.

689 2622 776 2679 ed.
810 2638 890 2691 pr.
924 2640 973 2679 v.
990 2662 1006 2687 ,
1059 2626 1118 2676 et
1144 2621 1326 2679 valida
1358 2620 1482 2679 Vat.
1522 2648 1587 2663 -
1660 2622 1709 2676 3.
1744 2624 1797 2680 4.
1831 2621 2239 2689 amplitudinem
2273 2636 2523 2691 magnam
2558 2636 2603 2674 c.
2642 2620 2711 2678 D.
2746 2618 2860 2680 Vat.,

690 2708 1045 2778 amplitudine
1089 2724 1284 2779 magna
1331 2707 1418 2763 ed.
1471 2722 1552 2776 pr.
1589 2722 1637 2763 v.
1678 2737 1738 2748 —
1814 2712 1866 2766 4.
1920 2706 2112 2764 hilaris
2156 2724 2205 2767 c.
2240 2708 2309 2767 D.
2344 2707 2428 2764 ed.
2465 2723 2550 2776 pr.
2582 2725 2632 2764 v.
2646 2748 2663 2774 ‚
2717 2701 2863 2776 hylari

696 2798 816 2851 vat.
853 2825 923 2837 -
975 2794 1122 2851 omni
1155 2811 1204 2853 c.
1239 2794 1305 2850 D.
1343 2794 1498 2859 Vat.,
1555 2791 1613 2847 in
1647 2792 1790 2847 omni
1826 2793 1913 2852 ed.
1949 2810 2032 2863 pr.
2066 2811 2117 2851 v.
2154 2822 2219 2833 —
2292 2795 2343 2849 5.
2377 2808 2507 2863 ergo
2540 2789 2694 2863 (οὖν)
2726 2807 2769 2845 c.
2800 2790 2863 2850 D.

692 2883 836 2939 enim
869 2882 990 2938 Vat.
1030 2882 1114 2937 ed.
1148 2896 1230 2950 pr.
1263 2898 1312 2937 v.
1348 2910 1417 2921 -
1450 2878 1847 2948 animaequitas
1882 2894 1927 2933 c.
1963 2879 2032 2937 D.
2069 2880 2191 2935 Vat.
2207 2920 2221 2945 ‚
2258 2878 2653 2948 aequanimitas
2689 2878 2773 2933 ed.
2800 2890 2862 2944 pr.

691 2989 742 3029 v.
777 3001 845 3013 —-
879 2968 1090 3025 habitat
1121 2984 1172 3023 c.
1207 2968 1272 3023 D.
1309 2966 1393 3022 ed.
1426 2982 1508 3036 pr.
1542 2984 1589 3025 v.
1604 3008 1622 3027 .
1656 2984 1761 3027 om.
1795 2968 1915 3024 Vat.
1956 2996 2022 3008 —
2084 2968 2133 3021 7.
2170 2971 2227 3021 et
2259 2981 2325 3021 ex
2363 2964 2726 3022 amaritudine
2756 2978 2799 3020 c.
2814 2960 2862 3013 D·

691 3074 768 3122 v„
826 3070 893 3111 ex
937 3054 1298 3111 amaritudine
1333 3053 1454 3109 Vat.
1506 3054 1592 3113 ed.
1627 3069 1709 3123 pr.
1760 3086 1822 3097 —
1896 3058 1943 3108 7.
1979 3055 2029 3107 8.
2078 3057 2133 3109 et
2168 3068 2235 3107 ex
2266 3051 2549 3110 iracundia
2582 3053 2669 3122 (ἐκ
2707 3055 2764 3106 δὲ
2793 3057 2862 3115 τῆς

689 3142 870 3215 ὀργῆς)
903 3157 948 3196 c.
964 3141 1050 3207 D.‚
1086 3155 1154 3197 ex
1185 3140 1469 3198 iracundia
1486 3140 1613 3199 Vat.
1649 3140 1732 3195 ed.
1765 3157 1869 3211 pr„
1904 3155 1972 3196 ex
2004 3138 2287 3195 iracundia
2319 3152 2445 3195 vero
2479 3157 2528 3196 v.
2566 3167 2627 3179 —
2668 3141 2717 3194 8.
2739 3149 2861 3192 crea-

690 3234 781 3305 tus
814 3227 947 3286 facit
979 3232 1261 3299 peccatum
1293 3245 1338 3284 c.
1375 3228 1436 3284 B.
1471 3227 1537 3282 D.
1573 3227 1716 3293 Vat.,
1753 3233 1971 3283 creatus
2004 3228 2158 3283 furor
2192 3230 2449 3296 operatur
2482 3231 2765 3293 peccatum
2794 3219 2859 3275 ed

690 3332 769 3387 pr.
811 3316 956 3382 Cot„
1016 3315 1213 3371 creatis
1257 3314 1412 3371 furor
1445 3319 1702 3385 operatur
1734 3319 2014 3385 peceatum
2046 3313 2234 3370 Dresa
2270 3340 2340 3355 --·
2410 3313 2459 3365 9.
2494 3317 2549 3367 et
2583 3307 2861 3367 insanabile
2946 3352 2948 3383 ,

690 3420 737 3461 c.
772 3404 838 3460 D.
874 3402 962 3459 ed.
995 3417 1079 3471 pr.
1111 3416 1191 3467 v.‚
1227 3401 1532 3459 insanabile
1567 3403 1691 3458 Vat.
1729 3431 1795 3443 —
1868 3403 1953 3459 10.
1985 3400 2089 3456 hoc
2122 3414 2220 3456 vas
2254 3416 2301 3456 c.
2339 3400 2461 3454 Vat.
2498 3398 2581 3452 ed.
2617 3414 2732 3464 pr„
2782 3394 2861 3447 hec
2945 3418 2948 3453 ;

691 3505 787 3547 vas
820 3489 886 3545 D.
902 3530 916 3555 ‚
972 3487 1076 3544 hoc
1127 3487 1205 3543 sic
1240 3487 1326 3555 0.,
1380 3486 1479 3543 hos
1528 3503 1626 3546 vas
1660 3505 1709 3544 v.
1745 3518 1813 3529 -—
1888 3489 1967 3543 1⁰.
2010 3490 2086 3543 11.
2140 3483 2426 3555 superfluit
2460 3501 2507 3542 c.
2544 3483 2610 3541 D.
2644 3483 2766 3539 Vat.
2797 3477 2860 3532 ed.

691 3594 802 3647 pr.‚
857 3573 1198 3655 supereffluit
1243 3592 1289 3629 v.
1339 3602 1405 3613 —
1478 3576 1563 3633 11.
1611 3574 1865 3645 quoniam
1910 3590 1956 3629 c.
1990 3573 2111 3629 Vat.
2160 3572 2245 3631 ed.
2290 3586 2371 3643 pr.
2416 3589 2469 3627 v·
2484 3612 2498 3637 ‚
2552 3569 2683 3640 quia
2717 3568 2777 3623 D.
2810 3590 2860 3603 -
2946 3630 2948 3637 .

696 3665 777 3720 11.
816 3666 899 3717 12.
932 3660 1131 3716 morari
1165 3674 1214 3718 c.
1249 3659 1315 3715 D.
1350 3660 1506 3725 Vat.,
1553 3661 1825 3717 immorari
1859 3660 1947 3717 ed.
1980 3675 2061 3730 pr.
2095 3678 2143 3715 v.
2181 3686 2245 3698 —
2320 3660 2401 3714 13.
2436 3673 2556 3714 cum
2592 3672 2701 3727 quo
2732 3650 2859 3709 habi-
2946 3692 2948 3703 2

691 3751 846 3807 tabat
874 3767 919 3807 e.
945 3748 1016 3807 D.
1052 3745 1366 3816 (habitavit)
1401 3746 1526 3805 Vat.
1542 3789 1557 3815 ‚
1586 3747 1644 3802 in
1678 3763 1785 3816 quo
1820 3746 2103 3803 habitabat
2138 3744 2223 3804 ed.
2256 3760 2335 3814 pr.
2368 3763 2414 3801 v.
2453 3772 2519 3785 -
2592 3746 2677 3801 14.
2710 3739 2858 3809 reple·

691 3841 782 3893 tur
815 3834 1096 3904 spiritibus
1131 3832 1289 3887 malis
1321 3846 1370 3891 c.
1404 3832 1469 3887 D.
1491 3874 1506 3899 ,
1542 3832 1825 3902 repellitur
1859 3850 1893 3889 a
1930 3832 2210 3901 spiritibus
2246 3831 2403 3887 malis
2438 3831 2591 3898 Vat.,
2643 3829 2857 3898 repletur

689 3921 972 3993 spiritibus
1006 3918 1256 3989 malignis
1295 3918 1380 3977 ed.
1419 3935 1504 3988 pr.
1539 3938 1586 3976 v.
1620 3950 1690 3960 --
1763 3921 1843 3974 15.
1877 3921 2017 3975 bona
2053 3923 2162 3986 (τῆς
2196 3918 2427 3989 ἀγαθῆς)
2463 3934 2507 3973 c.
2549 3916 2705 3982 Viet„
2738 3910 2858 3968 malz

689 4008 750 4067 Ο.
785 4007 854 4065 D.
889 4007 1013 4064 Vat.
1046 4005 1130 4062 ed.
1165 4021 1245 4075 pr.
1281 4022 1330 4061 v.
1368 4033 1434 4048 -·-
1469 4006 1551 4062 sic
1586 4006 1832 4064 omnibus
1867 4004 2142 4061 iracundis
2178 4004 2439 4073 contingit
2470 4020 2519 4062 c.
2556 4002 2612 4059 G.
2636 4002 2701 4058 D.
2734 4002 2856 4068 (con-

687 4094 836 4166 tigit)
871 4094 996 4151 Vat.
1036 4092 1175 4151 Viet.
1211 4092 1343 4149 Mas,
1381 4093 1539 4162 Angl.
1572 4092 1789 4161 Dresa,
1845 4107 1947 4148 om.
1984 4092 2069 4149 ed.
2104 4107 2187 4161 pr.
2224 4091 2337 4147 Cot.
2374 4120 2445 4131 -—-
2519 4093 2599 4145 16.
2637 4088 2791 4144 indue
2820 4096 2855 4134 ο.
2946 4092 2948 4101 ·

687 4180 754 4240 D.
788 4180 910 4237 Vat.
947 4179 1034 4240 ed.
1066 4195 1145 4250 pr.
1182 4199 1256 4249 ι,
1291 4180 1454 4237 induc
1488 4178 1629 4238 Vict.
1665 4210 1735 4221 -
