3003 5080
561 377 607 442 8
1487 397 1496 407 -
1563 375 1769 432 Pastor.

1464 556 1695 624 Visio
1744 556 1853 622 II.

773 680 964 742 ¹Cum
1020 697 1160 740 vero
1200 679 1609 758 proficiscetur
1651 677 1855 740 Cumis
1897 679 2047 741 circa
2094 680 2242 743 illud
2284 691 2552 764 tempuS,
2626 704 2748 765 quo

567 790 627 844 et
667 801 828 844 anno
871 781 1105 864 priore,
1147 780 1461 842 ambulans
1499 787 2003 843 commemoratus
2045 799 2178 843 sum
2223 784 2364 856 anni
2409 786 2621 866 prioris
2664 788 2749 848 vi-

565 885 817 948 sionem.
874 901 1233 962 rursumque
1292 902 1388 944 me
1440 883 1681 945 abstulit
1737 883 1974 963 spiritus
2019 893 2076 945 et
2115 885 2318 947 eduxit
2359 906 2455 949 me
2498 889 2560 949 in
2599 909 2747 980 eun-

507 980 703 1050 5dem
740 989 964 1071 locum,
1010 1004 1129 1066 quo
1175 1004 1332 1048 anno
1362 985 1581 1064 priore.
1627 1003 1882 1066 cumque
1910 985 2198 1048 venissem
2228 988 2299 1049 ad
2328 989 2493 1051 illum
2526 990 2747 1067 locum,

564 1090 770 1184 positis
832 1090 1083 1170 genibus
1141 1087 1309 1168 coepi
1367 1107 1537 1170 orare
1599 1088 1906 1149 dominum
1963 1097 2021 1150 et
2073 1089 2467 1154 honorificare
2525 1113 2744 1155 nomen

562 1193 722 1273 eius,
797 1193 956 1273 quod
1026 1191 1270 1269 dignum
1331 1209 1427 1252 me
1482 1189 1800 1252 arbitratus
1850 1189 1926 1251 sit
1983 1198 2043 1252 et
2097 1193 2552 1257 manifestaverit
2603 1197 2744 1259 mihi

560 1303 797 1375 peccata
844 1293 1114 1374 pristina.
1156 1301 1215 1354 et
1257 1311 1392 1355 cum
1439 1293 1830 1354 surrexissem
1877 1293 1949 1354 ab
1992 1294 2279 1372 oratione,
2323 1297 2491 1359 video
2538 1309 2745 1361 contra

561 1415 659 1458 me
711 1415 894 1458 anum
938 1396 1136 1470 illam,
1205 1413 1382 1474 quam
1429 1405 1486 1457 et
1531 1415 1688 1456 anno
1733 1395 1931 1476 priore
1975 1390 2269 1473 videram,
2341 1400 2745 1464 ambulantem

464 1496 544 1560 10
562 1508 623 1560 et
663 1499 959 1578 legentem
1003 1498 1270 1561 libellum
1315 1497 1593 1578 aliquem.
1636 1507 1695 1560 et
1737 1498 1817 1559 ait
1858 1497 2033 1559 mihi:
2094 1499 2311 1576 „Potes
2354 1503 2501 1564 haec
2544 1504 2745 1567 electis

559 1600 651 1662 dei
694 1601 1123 1664 renuntiare“?
1168 1601 1298 1662 dico
1343 1601 1429 1662 ei:
1474 1602 1803 1683 „Domina‚
1846 1609 2012 1663 tanta
2053 1602 2116 1664 in
2160 1605 2442 1666 memoria
2488 1606 2747 1668 retinere

557 1722 684 1765 non
727 1723 992 1785 possum.
1038 1705 1112 1766 da
1154 1713 1351 1766 autem
1393 1704 1541 1764 mihi
1583 1703 1849 1766 libellum
1895 1713 1955 1766 et
1983 1705 2376 1770 describam“.
2423 1709 2739 1789 ‚‚Accipe“,

555 1806 782 1887 inquit.
831 1817 930 1884 „et
973 1806 1248 1868 restitues
1292 1805 1436 1868 mihi
1481 1810 1683 1894 eum“.
1731 1815 1796 1868 ut
1837 1817 2033 1869 autem
2075 1808 2289 1888 recepi,
2332 1809 2393 1870 in
2441 1813 2740 1891 quendam

557 1908 754 1970 locum
793 1910 919 1990 agri
962 1909 1245 1970 secedens
1289 1907 1571 1987 descripsi
1614 1909 1812 1970 omnia
1854 1910 1925 1970 ad
1969 1910 2260 1987 litteram3
2307 1931 2428 1973 non
2475 1913 2741 1976 invenie-

457 2011 691 2078 15bam
752 2012 908 2073 enim
966 2011 1235 2092 syllabas·
1292 2029 1549 2089 cumque
1592 2030 2097 2074 consummassem
2142 2012 2493 2093 scripturam
2536 2015 2739 2090 libelli,

553 2113 748 2174 subito
796 2114 868 2175 de
912 2133 1094 2176 manu
1138 2130 1272 2174 mea
1316 2120 1524 2192 raptus
1552 2122 1643 2174 est
1669 2113 1921 2189 libellus,
1965 2135 1997 2176 a
2029 2134 2148 2194 quo
2180 2124 2399 2190 autem,
2445 2135 2568 2178 non
2600 2119 2743 2181 vidi.-

766 2215 949 2298 2ροεῐ
991 2215 1329 2296 quindecim
1375 2223 1572 2276 autem
1618 2215 1741 2277 dies
1782 2235 1918 2278 cum
1961 2217 2311 2278 ieiunassem
2360 2219 2737 2301 multumque

553 2318 860 2381 dominum
906 2337 1244 2399 rogassem,
1303 2316 1557 2378 revelata
1601 2325 1691 2378 est
1733 2319 1877 2383 mihi
1919 2319 2162 2380 scientia
2206 2319 2552 2400 scripturae.
2611 2333 2739 2386 erat

552 2431 749 2483 autem
785 2423 1082 2503 scriptura
1126 2423 1302 2482 haec:
1380 2420 1637 2495 „Semen
1680 2429 1884 2502 tuum,
1942 2423 2193 2496 Herma,
2238 2423 2485 2502 deliquit
2524 2425 2587 2485 in
2629 2427 2736 2487 do-

450 2524 534 2590 20
553 2524 717 2586 mino
788 2534 847 2589 et
914 2525 1308 2607 prodiderunt
1375 2531 1655 2604 parentes
1726 2544 1869 2587 suos
1937 2524 1999 2587 in
2074 2525 2332 2604 nequitia
2406 2546 2623 2607 magna
2678 2538 2736 2592 et

689 2695 736 2746 1.
776 2693 1083 2764 Capitulum
1096 2693 1166 2753 11.
1203 2691 1272 2748 D.
1293 2720 1364 2733 -·
1395 2695 1448 2749 2.
1469 2690 1653 2749 Cumis
1688 2692 1789 2761 (εἰς
1822 2692 2023 2765 κώμας)
2059 2707 2102 2747 c.
2120 2691 2321 2758 Dress.‚
2358 2694 2426 2750 cf.
2444 2694 2577 2761 Pa1.,
2611 2712 2735 2753 cum

546 2777 633 2832 his
674 2778 828 2835 codd.
863 2788 919 2835 et
953 2766 1071 2837 edd.
1107 2806 1175 2821 -
1246 2782 1296 2835 3.
1329 2776 1513 2846 priora
1546 2776 1615 2834 D.
1650 2807 1716 2817 —
1770 2777 2053 2833 ambulans
2087 2790 2136 2831 c.
2169 2777 2237 2831 D.
2272 2778 2395 2835 Vat.
2430 2780 2516 2837 ed.
2549 2796 2631 2850 pr.
2666 2799 2734 2848 v.‚

543 2863 784 2919 videram
815 2866 1098 2921 ambulans
1131 2863 1196 2919 G.
1237 2892 1300 2904 -
1349 2866 1400 2919 4.
1435 2862 1664 2917 abstulit
1696 2863 1868 2931 spetie
1903 2869 1959 2917 et
1974 2863 2100 2918 Vat.
2136 2892 2204 2902 —
2238 2862 2426 2919 eduxit
2457 2882 2502 2921 c.
2521 2865 2585 2920 D.
2607 2867 2734 2925 Vat.

545 2949 629 3003 ed.
663 2947 780 3017 pr„
816 2950 970 3004 duxit
1002 2967 1050 3005 v.
1085 2978 1152 2989 —
1191 2952 1241 3005 5.
1274 2946 1454 3015 priore
1491 2961 1537 3002 c.
1571 2948 1638 3003 D.
1671 2949 1793 3004 Vat.
1828 2948 1909 3003 ed.
1943 2962 2023 3018 pr.
2056 2948 2270 3014 Dress.‚
2305 2946 2478 3031 primo
2513 2950 2627 3007 Cot.
2666 2980 2732 2993 -·-

547 3037 596 3089 5.
619 3039 665 3090 6.
703 3050 930 3104 cumque
965 3036 1232 3092 venissem
1247 3064 1318 3075 —-
1351 3048 1509 3087 orare
1545 3033 1816 3089 dominum
1850 3050 1894 3089 c.
1916 3032 1973 3089 C.
1992 3028 2061 3088 D.
2080 3035 2238 3102 (om.:
2272 3036 2423 3105 coepi
2442 3043 2523 3091 et:
2562 3037 2733 3093 domi-

543 3121 698 3189 num)
733 3121 858 3178 Vat.
892 3123 1181 3191 (genubus)
1217 3119 1307 3174 ed.
1344 3135 1424 3186 pr.
1461 3117 1597 3173 Gall.
1636 3120 1819 3174 Dress.
1836 3159 1851 3184 ,
1896 3136 1999 3175 om.
2039 3118 2153 3175 Cot.
2190 3148 2255 3159 -—
2294 3124 2343 3177 6.
2378 3121 2733 3179 honorificare

543 3222 588 3259 c.
639 3206 695 3261 C.
742 3206 808 3260 D.
855 3207 976 3261 Vat.
1011 3208 1094 3263 ed.
1127 3223 1206 3276 pr.
1243 3205 1378 3261 Gall.
1413 3204 1629 3269 Dress.,
1681 3204 2027 3261 honorificavi
2061 3224 2108 3261 v.
2146 3234 2216 3246 ——
2286 3210 2336 3263 7.
2372 3206 2491 3262 eius
2528 3224 2571 3263 c.
2606 3208 2730 3263 Vat.

519 3290 630 3351 fed.
674 3307 757 3358 pr.
801 3308 879 3356 ι,
937 3308 1042 3347 om.
1089 3291 1154 3345 D.
1203 3322 1270 3331 —-
1343 3293 1390 3344 8.
1443 3289 1801 3345 surrexissem
1847 3304 1893 3346 c.
1928 3290 2051 3345 Vat.
2098 3289 2181 3345 ed.
2215 3305 2296 3358 pr.
2331 3309 2410 3358 v.,
2467 3293 2731 3349 surrexis-

544 3384 666 3431 sent
700 3377 764 3432 D.
813 3406 878 3419 -
933 3377 1090 3433 video
1137 3379 1360 3446 (βλέπω)
1397 3393 1440 3431 c.
1475 3375 1559 3430 ed.
1594 3390 1677 3444 pr.
1710 3393 1791 3441 v.,
1844 3375 2027 3431 audivi
2060 3376 2129 3432 D.
2170 3380 2290 3433 vat.
2329 3405 2397 3415 —
2468 3378 2515 3432 9.
2550 3378 2731 3447 priore

540 3478 588 3517 c.
624 3462 744 3517 Vat.
755 3502 772 3529 ,
829 3461 1011 3532 priora
1041 3462 1138 3527 D.,
1195 3460 1473 3532 superiore
1512 3459 1598 3518 ed.
1630 3476 1711 3529 pr.
1747 3478 1793 3517 v
1840 3489 1901 3500 —
1974 3463 2055 3517 10.
2091 3460 2299 3516 enectis
2333 3460 2401 3518 D.
2438 3461 2731 3530 (saepius).

541 3577 611 3588 —
685 3551 764 3601 11.
811 3553 964 3607 tanta
1011 3547 1288 3617 (τοσαῦτα)
1334 3564 1378 3603 c.
1414 3547 1479 3601 D.
1514 3563 1589 3611 v.,
1646 3562 1747 3601 om.
1782 3545 1909 3602 Vat.
1958 3546 2040 3601 ed.
2077 3563 2160 3616 pr.
2214 3576 2273 3586 —
2353 3548 2430 3601 13.
2472 3547 2729 3603 restitues

539 3632 672 3686 mihi
707 3648 830 3688 eum
865 3650 908 3692 c.
944 3632 1008 3689 D.
1044 3633 1166 3689 Vat.
1200 3632 1412 3697 Dress„
1447 3631 1705 3688 restituas
1736 3631 1867 3685 mihi
1900 3632 2053 3687 illum
2089 3630 2174 3687 ed.
2206 3646 2289 3700 pr.
2330 3647 2381 3687 v.
2417 3660 2485 3671 —
2523 3632 2604 3686 14.
2642 3646 2728 3685 se·

539 3719 737 3774 cedens
787 3702 1172 3791 (αναχωρήσας)
1218 3732 1264 3771 c.
1303 3717 1391 3775 ed.
1431 3733 1515 3786 pr.
1560 3733 1636 3781 v..
1693 3717 1890 3773 sedens
1937 3716 1995 3773 C.
2040 3716 2107 3771 D.
2156 3715 2219 3769 G.
2267 3715 2389 3772 Vat.
2424 3744 2491 3756 —
2528 3718 2611 3771 15.
2654 3716 2728 3771 si·

538 3806 693 3861 labas
727 3806 796 3865 D.
831 3834 894 3845 -
932 3798 1254 3875 scripturam
1287 3803 1619 3875 (γράμματα)
1654 3818 1697 3857 c.
1730 3802 1798 3855 D.
1834 3802 1917 3857 ed.
1954 3817 2035 3871 pr.
2069 3819 2135 3868 v.,
2172 3801 2467 3870 scripturas
2499 3801 2621 3857 Vat.
2659 3830 2728 3842 -

681 3894 760 3946 18.
809 3890 1079 3946 dominum
1123 3904 1402 3960 rogassem
1435 3906 1480 3945 c.
1514 3887 1581 3942 D.
1618 3886 1740 3943 Vat-
1776 3886 1861 3943 ed.
1893 3904 2007 3958 pr..
2060 3901 2338 3955 rogassem
2372 3886 2644 3941 dominum
2677 3904 2727 3942 v.

542 4005 604 4015 -
644 3978 720 4031 19.
757 3980 840 4033 20.
875 3976 1086 4033 domino
1121 3993 1166 4033 c.
1201 3975 1270 4032 D.
1305 3973 1445 4040 vat..
1487 3972 1764 4030 dominum
1798 3972 1885 4029 ed.
1916 3987 1997 4042 pr.
2032 3989 2079 4027 v.
2116 4000 2188 4013 —-
2254 3971 2343 4029 20.
2391 3970 2451 4025 in
2483 3972 2730 4040 nequitia

537 4079 730 4132 magna
766 4068 849 4132 (ἐν
888 4074 1102 4136 πονηωᾳ
1137 4061 1361 4133 μεγάλῃ)
1398 4075 1439 4114 c.
1477 4059 1561 4113 ed.
1597 4074 1676 4127 pr.
1710 4076 1789 4124 v.,
1822 4058 1881 4111 in
1914 4054 2211 4125 nequitiam
2245 4069 2493 4168 magnam
2525 4055 2625 4121 D.
2668 4055 2727 4109 in

537 4148 804 4217 equiciam
837 4164 1032 4218 magna
1065 4148 1186 4203 Vat.
1226 4176 1294 4187 -
