3003 5080
645 364 735 443 ’18
1650 367 1854 425 Pastor.

651 557 965 620 aggressus
1008 540 1216 603 deinde
1257 543 1407 605 fodit
1443 553 1505 605 et
1550 562 1759 607 omnes
1796 544 2041 620 herbaS,
2086 562 2237 622 quae
2280 544 2343 605 in
2388 563 2455 605 ea
2499 552 2699 619 eram,
2746 560 2839 605 ex-

651 643 858 717 traxit,
904 644 1200 724 atqueita
1244 646 1424 707 evasit
1464 648 1633 709 vinea
1673 648 2104 727 speciosissima
2150 668 2219 709 ac
2260 648 2448 723 laeta,
2493 666 2616 709 non
2658 646 2841 708 suffo-

651 756 780 809 cata
827 746 897 807 ab
942 748 1162 809 herbis.
1208 759 1344 828 post
1387 750 1818 829 aliquantulum
1864 751 2151 831 temporis
2196 753 2355 813 venit
2398 751 2673 813 dominus
2720 751 2839 811 eius

656 858 716 910 et
755 850 1059 929 ingressus
1099 844 1191 912 est
1236 851 1485 919 vineam.
1530 872 1706 932 quam
1748 873 1886 915 cum
1930 856 2259 935 depalatam
2303 856 2540 917 vidisset
2566 856 2840 916 decenter

591 947 721 1015 5ac
761 954 1007 1029 fossam,
1072 963 1132 1015 et
1175 963 1464 1017 extractas
1504 958 1718 1018 herhas
1763 957 1835 1018 ah
1882 977 1986 1033 ea,
2054 968 2112 1021 et
2155 959 2337 1021 laetas
2380 978 2508 1020 esse
2550 958 2733 1033 viteS,
2776 976 2839 1018 ex

655 1057 808 1117 facto
852 1058 967 1118 hoc
1009 1057 1162 1120 servi
1201 1059 1296 1119 sui
1337 1060 1617 1139 gaudium
1660 1062 1901 1142 accepit.
1948 1062 2208 1123 adhibito
2253 1063 2449 1142 itaque
2478 1062 2619 1142 filio,
2666 1079 2841 1139 quem

649 1178 857 1221 carum
899 1169 958 1221 et
998 1161 1312 1223 haeredem
1355 1163 1645 1245 hahebat,
1691 1175 1749 1227 et
1792 1166 2027 1247 amiciS,
2072 1186 2223 1245 quos
2266 1167 2327 1227 in
2374 1165 2621 1226 consilio
2667 1165 2841 1225 advo-

653 1264 854 1338 cabat,
898 1262 1119 1325 indicat
1160 1284 1257 1346 ea,
1302 1285 1453 1345 quae
1495 1287 1666 1329 servo
1713 1289 1822 1331 suo
1867 1269 2135 1331 facienda
2176 1270 2548 1344 mandasset,
2592 1277 2653 1329 et
2698 1286 2841 1345 quae

652 1374 856 1446 postea
915 1365 1015 1439 ille
1074 1367 1322 1430 fecisset.
1387 1388 1454 1433 ac
1511 1370 1595 1431 illi
1651 1373 1925 1452 protinus
1983 1372 2255 1451 gratulati
2312 1381 2454 1434 sunt
2511 1371 2595 1432 illi
2654 1389 2841 1441 servo,

556 1463 637 1529 10
657 1470 816 1550 quod
873 1478 994 1531 tam
1052 1470 1293 1550 plenum
1355 1473 1760 1537 testimonium
1818 1476 2043 1537 domini
2102 1477 2194 1538 sui
2252 1484 2559 1537 assecutus
2618 1474 2842 1535 fuisset.

656 1574 735 1634 ait
791 1573 1002 1635 deinde
1059 1573 1209 1635 illis:
1290 1575 1454 1657 „Ego
1516 1579 1755 1655 quidem
1808 1580 1948 1641 huic
1990 1599 2160 1641 servo
2207 1578 2532 1641 libertatem
2576 1577 2840 1659 promisi,

653 1676 704 1738 si
748 1677 1098 1739 custodisset
1141 1680 1521 1755 mandatum,
1578 1683 1739 1761 quod
1784 1683 2096 1759 dederam,
2140 1692 2199 1744 et
2240 1682 2555 1744 custodivit
2597 1681 2753 1743 illud
2793 1686 2842 1740 et

654 1789 956 1859 praeterea
998 1780 1206 1843 adiecit
1249 1801 1402 1863 opus
1443 1784 1672 1846 honum
1714 1786 1777 1846 in
1824 1786 2075 1857 vineam.
2120 1787 2280 1866 quod
2322 1784 2464 1846 mihi
2494 1784 2839 1845 validissime

654 1884 894 1964 placuit.
937 1903 1046 1964 pro
1091 1884 1207 1945 hoc
1249 1885 1430 1964 igitur
1473 1907 1688 1968 opere,
1748 1890 1910 1967 quod
1956 1889 2127 1964 fecit,
2183 1889 2319 1949 volo
2364 1907 2500 1949 eum
2545 1887 2667 1947 filio
2714 1906 2838 1947 meo

558 1979 638 2067 15
659 1989 850 2049 facere
895 1988 1318 2065 cohaeredem,
1385 1992 1664 2069 quoniam
1710 2012 1848 2053 cum
1886 1993 2171 2054 sensisset
2214 1993 2375 2072 quod
2421 2000 2575 2053 esset
2614 1990 2839 2051 bonum

657 2110 782 2151 non
828 2090 1232 2169 dissimulavit,
1277 2094 1380 2155 sed
1415 2090 1562 2156 fecit
1604 2096 1769 2158 illud.
1814 2096 1929 2157 hoc
1971 2096 2282 2157 consilium
2330 2096 2555 2157 domini
2598 2105 2657 2157 et
2694 2095 2840 2155 filius

657 2204 716 2257 et
753 2193 940 2265 ,amici
997 2195 1122 2257 eius
1181 2198 1754 2279 comprobaverunt,
1818 2208 1885 2261 ut
1928 2200 2094 2261 fieret
2132 2200 2355 2261 scilicet
2399 2200 2684 2261 cohaeres
2730 2197 2838 2259 filio

654 2298 750 2359 hic
809 2317 1032 2360 servuS.
1106 2309 1242 2380 post
1302 2302 1424 2363 dies
1487 2303 1699 2364 deinde
1753 2322 1977 2383 paucos
2030 2303 2369 2364 convocatis
2426 2298 2836 2382 paterfamilias

655 2402 856 2465 amicis
913 2402 1072 2463 misit
1130 2404 1202 2465 de
1261 2424 1448 2467 coena
1504 2426 1611 2468 sua
1673 2406 1837 2468 cibos
1882 2408 2237 2488 complures.
2302 2424 2454 2486 quos
2500 2425 2635 2467 cum
2680 2424 2840 2468 acce·

655 2606 778 2663 Vat.
810 2637 879 2648 —-
926 2610 972 2662 1.
1007 2606 1202 2663 deinde
1237 2623 1286 2668 c.
1307 2609 1426 2666 Vat.
1465 2610 1547 2665 ed.
1568 2626 1649 2680 pr.
1668 2629 1733 2676 ι,
1768 2611 1837 2666 ab
1870 2611 1997 2666 inde
2011 2611 2080 2667 D.
2101 2639 2159 2652 -
2198 2609 2398 2665 herbas
2417 2624 2463 2668 c.
2483 2609 2550 2667 D.
2570 2610 2655 2665 ed.
2678 2623 2764 2679 pr.
2781 2628 2838 2672 v„

654 2696 854 2752 herbas
873 2700 1139 2751 extractas
1156 2695 1278 2752 Vat.
1297 2727 1366 2738 —-
1399 2699 1450 2752 2.
1485 2697 1644 2752 vinea
1663 2713 1707 2751 e.
1721 2697 1789 2750 D.
1813 2696 1895 2752 ed.
1913 2712 1996 2765 pr.
2017 2714 2085 2762 v.,
2102 2711 2205 2750 om.
2226 2695 2348 2750 Vat.
2369 2723 2437 2736 —-
2472 2697 2520 2752 3.
2542 2695 2837 2764 aliquanta-

653 2783 766 2838 lum
781 2782 1038 2852 temporis
1059 2797 1103 2836 c.
1121 2785 1269 2850 Vat.,
1282 2783 1679 2850 aliquantulum
1694 2789 1907 2852 tempus
1916 2783 1999 2848 D.,
2035 2781 2431 2852 aliquantulum
2447 2795 2573 2838 vero
2589 2779 2838 2851 temporit

655 2869 738 2924 ed.
773 2884 856 2938 pr.
895 2887 942 2924 v.
960 2899 1030 2910 -—
1064 2871 1114 2923 5.
1148 2868 1348 2924 fossam
1387 2886 1430 2924 c.
1449 2869 1518 2924 D.
1535 2869 1595 2924 L.
1612 2868 1751 2934 Vat,
1785 2869 2192 2926 circumfossam
2226 2867 2310 2924 ed.
2329 2885 2408 2937 pr.
2425 2887 2473 2924 v.
2494 2897 2560 2908 ·—-
2597 2871 2669 2924 ab
2708 2884 2773 2923 ea
2800 2881 2837 2917 c·

660 2959 782 3013 Vat-
802 2955 888 3012 ed.
906 2971 989 3025 ΡΥ.
1004 2973 1070 3019 v.,
1107 2955 1175 3010 de
1210 2970 1276 3012 ea
1293 2955 1359 3010 D.
1376 2987 1444 2996 -—
1480 2959 1528 3011 6.
1564 2955 1820 3024 gaudium
1856 2956 2065 3025 accepit
2091 2972 2137 3012 c.
2156 2953 2294 3020 Vat.‚
2330 2953 2571 3011 adhibito
2588 2953 2837 3023 gaudium

654 3042 797 3114 cepit
829 3043 894 3098 D.
909 3084 925 3110 ,
978 3041 1237 3110 gaudium
1271 3041 1414 3110 cepit
1445 3059 1494 3096 v.
1533 3071 1598 3082 --
1652 3041 1891 3098 adhibito
1924 3059 1971 3100 c.
2006 3042 2132 3100 Vat.
2168 3042 2249 3098 ed.
2284 3057 2365 3110 pr.
2401 3060 2447 3096 v.
2464 3082 2478 3107 ‚
2536 3057 2639 3098 om.
2677 3041 2747 3096 D.
2782 3067 2837 3080 -

653 3121 710 3184 8.’
741 3145 840 3185 suo
875 3147 920 3186 c.
954 3128 1076 3184 Vat.
1110 3128 1193 3183 ed.
1226 3144 1306 3196 pr.
1339 3146 1408 3194 v.,
1443 3144 1545 3184 om.
1579 3128 1648 3183 D.
1684 3160 1751 3168 -—
1786 3135 1842 3183 et
1875 3144 2016 3197 quae
2056 3145 2104 3186 c.
2139 3128 2207 3184 D.
2245 3130 2371 3182 Vat.
2412 3127 2499 3182 ed.
2534 3145 2619 3197 pr.
2652 3132 2837 3191 Bress,

656 3231 795 3286 quae
831 3216 948 3272 Cot.
985 3243 1052 3257 —-
1121 3220 1171 3272 9.
1203 3219 1394 3283 postea.
1432 3228 1478 3269 c.
1512 3215 1579 3269 D.
1615 3214 1763 3282 Vat.,
1800 3221 2084 3285 praeterea
2120 3214 2201 3269 ed.
2238 3229 2317 3283 pr.
2352 3231 2399 3269 v.
2438 3243 2505 3254 ——
2540 3228 2604 3269 ac
2642 3231 2689 3273 c.
2725 3213 2837 3268 Vat.

656 3303 742 3362 ed.
778 3319 890 3371 pr.,
931 3307 989 3357 at
1021 3301 1086 3356 D.
1119 3320 1169 3359 v.
1205 3329 1269 3340 -—
1323 3300 1403 3355 illi
1439 3315 1593 3356 servo
1626 3316 1677 3356 c.
1711 3303 1806 3366 D..
1862 3302 1913 3356 ei
1950 3315 2101 3356 servo
2135 3299 2291 3364 Vat„
2342 3315 2497 3356 servo
2530 3300 2613 3356 illi
2649 3299 2733 3357 ed.
2768 3313 2835 3367 pr.

655 3408 705 3450 v.
738 3420 808 3430 --
880 3392 965 3446 12.
998 3388 1310 3444 mandatum
1356 3403 1400 3442 c.
1434 3387 1498 3440 D.
1534 3388 1595 3444 L.
1627 3388 1772 3454 (Dr.)
1806 3388 1931 3446 Vat.
1963 3387 2048 3445 ed.
2082 3403 2191 3456 pr.,
2242 3387 2556 3441 mandatum
2588 3401 2768 3441 meum
2796 3399 2836 3438 v.

659 3505 722 3518 --
757 3465 761 3469 ’
799 3478 878 3530 13.
915 3474 1115 3532 adiecit
1146 3489 1279 3544 opus
1313 3475 1516 3529 bonum
1549 3491 1595 3529 c.
1630 3475 1695 3530 D.
1729 3475 1856 3531 Vat.
1892 3474 1975 3528 ed.
2009 3490 2113 3543 pr.,
2165 3488 2301 3541 opus
2337 3475 2533 3528 bonum
2570 3473 2767 3529 adiecit
2798 3487 2834 3524 v.

659 3593 724 3604 —
777 3560 1108 3617 validissime
1155 3576 1203 3618 c.
1247 3560 1315 3614 D.
1351 3560 1472 3619 Vat.
1514 3560 1646 3615 Mss.
1680 3561 1867 3628 Angl„
1921 3575 2082 3628 quam
2136 3560 2425 3628 plurimum
2460 3559 2543 3614 ed.
2577 3575 2661 3629 pr.
2700 3578 2741 3615 v.
2778 3583 2834 3597 -

661 3652 744 3706 15.
788 3653 865 3705 16.
907 3646 1052 3716 quod
1106 3652 1252 3710 esset
1295 3647 1492 3701 bonum
1528 3663 1636 3702 non
1671 3645 2030 3702 dissimulavit
2063 3663 2110 3704 c.
2146 3646 2214 3703 D.
2250 3648 2375 3702 Vat.
2410 3647 2496 3703 ed.
2529 3663 2609 3716 pr.
2646 3643 2833 3716 (quid),

611 3801 629 3814 ·
658 3736 790 3807 quid
822 3741 970 3792 esset
1003 3734 1201 3789 bonum
1236 3748 1344 3788 non
1378 3732 1561 3789 omisit
1591 3751 1636 3789 v.
1679 3762 1745 3772 —
1796 3736 1877 3788 17.
1914 3732 2031 3787 eius
2065 3750 2113 3790 c.
2148 3732 2215 3789 D.
2250 3749 2315 3799 v.,
2352 3749 2457 3790 om.
2492 3733 2615 3788 Vat.
2649 3732 2732 3786 ed.
2765 3743 2832 3797 pr.

659 3853 724 3866 -
768 3821 924 3877 fieret
976 3819 1184 3876 scilicet
1216 3835 1262 3874 c.
1298 3819 1420 3874 Vat.
1456 3818 1539 3873 ed.
1574 3833 1652 3886 pr.
1688 3836 1736 3872 v.
1755 3857 1768 3882 ,
1826 3819 2029 3874 scilicet
2061 3817 2216 3872 fieret
2248 3819 2317 3876 D.
2382 3849 2445 3859 -
2524 3820 2605 3874 17.
2644 3819 2727 3873 18.
2761 3829 2833 3872 eo-

654 3910 850 3966 haeres
881 3907 993 3964 filio
1024 3907 1114 3961 hic
1148 3920 1336 3961 servus
1371 3922 1414 3960 c.
1450 3905 1515 3958 D.
1551 3903 1672 3958 Vat.
1711 3904 1831 3973 (ubi
1866 3905 2137 3974 sequitur:
2184 3905 2488 3961 Similitudo
2521 3905 2669 3974 VII.)
2684 3945 2699 3970 ,
2756 3901 2832 3954 hic

655 4011 844 4052 servus
889 3994 1148 4052 cohaeres
1181 3991 1292 4047 filio
1324 3991 1410 4050 ed.
1444 4008 1525 4061 pr.
1562 4008 1611 4048 v.
1670 4019 1733 4030 —
1804 3994 1887 4046 18.
1921 4008 2123 4061 paucos
2158 4006 2203 4048 c.
2238 3993 2304 4048 D.
2343 3994 2465 4049 vat.
2499 3991 2634 4046 Mes.
2672 3987 2831 4058 Angl„

654 4098 763 4139 non
797 4082 992 4138 multos
1028 4079 1110 4135 ed.
1146 4094 1227 4147 pr.
1263 4094 1310 4132 v.
1365 4106 1428 4118 -
1506 4081 1585 4132 18.
1626 4080 1706 4133 19.
1752 4079 2143 4147 paterfamilias
2186 4079 2375 4136 amicis
2416 4093 2459 4132 c.
2496 4077 2564 4133 D.
2600 4075 2724 4134 Vat.
2757 4071 2826 4128 ed

652 4185 734 4240 ΡΥ.
751 4211 765 4235 ,
799 4167 986 4226 amicis
1020 4165 1409 4237 paterfamilias
1445 4183 1490 4220 v.
1533 4195 1593 4206 --
