3003 5080
575 349 660 414 22
676 347 681 350 ’
1568 349 1776 406 Pastor.

575 539 700 582 non
755 527 1010 601 possunt
1066 519 1306 582 domino
1363 522 1534 585 utiles
1592 541 1738 584 esse.
1800 541 1835 584 a
1892 531 1949 587 te
2007 522 2267 602 primum
2313 522 2479 586 scito.
2525 525 2781 603 quando'

578 623 737 684 dives
787 622 984 703 fuisti,
1055 622 1276 684 inutilis
1333 641 1497 696 eran,
1570 643 1737 694 nunc
1794 643 1931 686 vero
1987 625 2147 686 utilis
2192 645 2255 690 es
2301 636 2361 686 et
2400 635 2575 706 aptus
2615 627 2769 690 vitae

576 736 733 788 tuae.
793 745 931 788 nam
989 734 1049 789 et
1107 734 1173 787 tu
1233 725 1357 805 ipse
1397 745 1472 787 ex
1517 727 1599 788 eis
1643 727 1933 808 lapidibus
1976 727 2159 788 fuisti.
2248 727 2522 790 ⁷ceteros
2562 736 2765 790 autem

577 829 820 909 lapides,
866 847 1018 908 quos
1059 828 1250 889 vidisti
1292 828 1469 907 longe
1509 830 1805 910 proiectos
1848 849 1882 890 a
1925 829 2075 890 turri
2120 839 2178 890 et
2220 839 2525 895 currentes
2566 829 2630 892 in
2673 831 2769 892 via

490 925 638 992 :fiet
690 932 843 995 volvi
900 932 972 993 de
1030 931 1122 992 via
1175 930 1236 992 in
1279 931 1410 992 loca
1453 931 1719 1007 deserta,
1778 933 1837 994 hi
1880 940 2024 994 sunt
2064 932 2167 1010 qui
2210 932 2591 994 crediderunt
2632 933 2771 1010 qui-

580 1033 751 1105 dem,
823 1055 857 1097 a
912 1031 1276 1096 dubitatione
1338 1041 1535 1096 autem
1593 1053 1699 1094 sua
1743 1033 2093 1113 relinquunt
2135 1033 2283 1094 viam
2328 1053 2497 1096 suam
2540 1053 2768 1109 veram,

577 1143 852 1216 putantes
923 1155 1009 1198 se.
1040 1135 1348 1196 meliorem
1409 1136 1562 1198 viam
1621 1155 1797 1216 posse
1848 1136 2136 1198 invenire.
2196 1145 2397 1198 errant
2450 1145 2647 1199 autem
2706 1146 2771 1198 et

577 1238 774 1300 miseri
832 1249 1009 1311 sunt,
1082 1236 1482 1316 ingredientes
1526 1239 1588 1302 in
1632 1239 1879 1300 desertis
1923 1238 2046 1300 viis·
2092 1236 2193 1318 qui
2236 1249 2431 1300 autem
2478 1239 2773 1300 cadebant

575 1340 637 1402 iu
683 1341 882 1419 ignem
927 1351 987 1402 et
1028 1339 1334 1420 ardebant,
1376 1341 1437 1404 hi
1479 1350 1623 1402 sunt
1666 1341 1767 1420 qui
1810 1341 1872 1401 in
1916 1342 2094 1402 finem
2140 1343 2555 1404 abscesserunt
2588 1343 2767 1405 adeo

479 1439 561 1508 10
577 1442 738 1517 vivo,
785 1462 897 1504 nee
939 1442 1190 1522 amplius
1232 1444 1496 1506 ascendit
1535 1443 1595 1504 in
1641 1443 1822 1504 corde
1864 1443 2290 1523 poenitentiam
2321 1462 2492 1523 agere
2521 1454 2771 1524 propter

579 1543 863 1606 desideria
934 1545 1246 1607 libidinum
1317 1565 1563 1608 suarum
1636 1555 1695 1608 et
1756 1545 2084 1620 scelerum,
2157 1564 2309 1624 quae
2374 1551 2766 1626 operantur“.

581 1647 812 1722 „Ceteri
857 1667 1033 1723 vero,
1106 1649 1210 1728 qui
1253 1647 1544 1711 cadebant
1586 1648 1748 1710 iuxta
1792 1667 1976 1726 aquas
2019 1657 2078 1708 et
2118 1665 2244 1707 non
2288 1656 2568 1726 poterant
2609 1648 2768 1714 volvi

578 1749 640 1811 in
687 1769 932 1830 aquam,
1006 1751 1106 1831 qui
1147 1750 1376 1815 sunt“?
1465 1751 1583 1828 „Hi
1626 1759 1769 1812 sunt
1813 1750 1911 1830 qui
1952 1749 2201 1810 verbum
2245 1750 2589 1825 audierunt,
2656 1770 2767 1814 vo-

576 1851 764 1914 lentes
831 1854 1113 1935 baptizari
1185 1854 1250 1916 in
1325 1854 1571 1918 nomine
1628 1853 1873 1918 domini.
1934 1852 2149 1932 quibus
2193 1871 2342 1937 *cum
2413 1853 2639 1917 venerit
2698 1855 2765 1917 in

481 1955 562 2024 15
580 1957 862 2018 memoria
919 1957 1201 2021 sanctitas
1255 1957 1546 2039 veritam,
1617 1957 1925 2019 retrahunt
1979 1974 2042 2015 se
2084 1954 2509 2034 ambulantque
2550 1975 2765 2019 rursus

577 2069 714 2137 post
767 2058 1047 2120 desideria
1105 2078 1210 2120 sua
1269 2060 1579 2122 seelesta“.
1631 2057 2063 2120 consummavit
2102 2057 2281 2137 igitur
2324 2059 2760 2122 enarrationem

499 2243 508 2252 ·
576 2159 774 2222 turris,
817 2179 1050 2240 egoque
1090 2180 1228 2222 cum
1273 2164 1466 2222 adhuc
1513 2180 1701 2224 essem
1744 2158 2055 2239 improbus
2078 2205 2095 2233 ‚
2160 2159 2517 2239 interrogavi
2554 2163 2760 2232 illam:

578 2265 708 2339 „An
765 2262 828 2324 hi
865 2281 1074 2326 omnes
1116 2264 1373 2343 lapides,
1449 2263 1550 2342 qui
1593 2261 1838 2340 proiecti
1879 2270 2021 2322 sunt
2064 2279 2175 2324 nee
2218 2263 2652 2328 conveniebant
2692 2265 2759 2326 in

575 2373 935 2429 structuram
994 2365 1206 2439 turris,
1277 2365 1327 2426 si
1384 2375 1473 2426 est
1528 2365 1641 2426 illis
1699 2363 2095 2444 poenitentia,
2168 2372 2228 2424 et
2268 2365 2651 2430 habebuntur
2696 2367 2759 2430 in

475 2467 788 2538 20turrim
832 2465 1079 2529 hanff?
1166 2468 1505 2550 „Habent“,
1566 2466 1791 2547 inquit,
1848 2465 2345 2549 „poenitentiam,
2392 2468 2495 2529 sed
2538 2468 2601 2530 in
2646 2470 2761 2530 hae

570 2636 775 2692 fuerint
819 2637 915 2705 D.,
963 2624 1186 2694 fuerunt
1230 2637 1449 2695 divitiae
1495 2649 1680 2689 eorum
1712 2652 1760 2689 v.
1811 2664 1880 2675 —
1948 2636 1998 2690 2.
2052 2648 2175 2689 eras
2217 2650 2263 2690 c.
2297 2636 2422 2691 Vat.
2460 2635 2541 2691 ed.
2576 2652 2656 2704 pr.
2694 2654 2763 2703 v.,

573 2728 692 2779 erat
724 2722 788 2777 D.
824 2751 893 2764 --
963 2725 1015 2782 3.
1051 2722 1132 2777 eis
1167 2724 1302 2795 (τῶν
1336 2721 1537 2791 αὐτῶν)
1574 2737 1619 2776 e.
1654 2719 1737 2774 ed.
1771 2732 1852 2789 pr.
1888 2736 1963 2785 v.‚
2007 2736 2108 2776 om.
2146 2719 2213 2775 D.
2250 2722 2375 2776 Vat.
2410 2751 2478 2761 -
2547 2727 2599 2779 4.
2638 2740 2761 2778 cur-

572 2816 755 2863 rentes
791 2808 848 2863 in
881 2808 994 2874 via,
1030 2825 1111 2879 gr.
1145 2802 1439 2869 πί-ἰιτοντας
1475 2816 1547 2867 εἰς
1583 2808 1677 2873 τὴν
1713 2806 1855 2861 ὁδόν.
1896 2835 1956 2843 -
2033 2810 2081 2862 5.
2115 2806 2172 2859 hi
2208 2822 2252 2861 e.
2288 2807 2359 2873 D.
2390 2807 2543 2875 Vat„
2594 2808 2636 2862 ii
2676 2807 2763 2863 ed.

571 2910 650 2964 pr.
686 2911 734 2949 v.
769 2922 835 2933 —
909 2895 957 2951 6.
1002 2910 1038 2949 a
1074 2893 1406 2951 dubitatione
1453 2892 1575 2958 <nina
1620 2893 1677 2945 δὲ
1714 2900 1803 2958 τῆς
1840 2892 2115 2975 ὃιψυχίας)
2148 2908 2195 2950 c.
2232 2892 2296 2949 D.
2342 2893 2491 2959 vat..
2546 2893 2764 2949 dubita.

573 2979 720 3035 tione
769 2979 858 3035 ed.
892 2996 972 3049 pr.
1007 2996 1056 3036 v.
1095 3008 1160 3018 -
1207 2979 1521 3047 relinquunt
1549 2990 1596 3032 c.
1630 2976 1694 3029 D.
1714 3017 1727 3043 ,
1762 2976 2069 3045 relinquent
2104 2978 2163 3033 G.
2201 2976 2292 3041 G„
2327 2977 2585 3046 relinquit
2618 2978 2765 3045 Vat„

574 3065 912 3132 reliquerunt
946 3065 1029 3119 ed.
1063 3081 1145 3133 pr.
1184 3094 1245 3107 --
1286 3068 1332 3120 7.
1371 3068 1529 3119 erant
1562 3062 1681 3115 Vat.
1718 3090 1788 3100 —
1824 3065 1872 3116 8.
1908 3062 2138 3117 desertis
2170 3062 2272 3117 viis
2309 3079 2356 3120 c.
2390 3066 2449 3117 D.
2492 3068 2629 3127 vat„
2665 3063 2761 3119 de·

575 3155 752 3203 sertas
781 3151 898 3205 vias
917 3150 999 3204 ed.
1023 3165 1103 3217 pr.
1123 3167 1170 3205 v.
1194 3179 1256 3189 -
1296 3153 1342 3204 9.
1361 3148 1422 3200 hi
1443 3164 1487 3203 c.
1508 3146 1575 3205 D.
1607 3156 1628 3199 x
1646 3153 1736 3207 at„
1774 3148 1814 3200 ii
1850 3148 1933 3203 ed.
1952 3164 2031 3218 pr.
2048 3166 2097 3206 v.
2117 3178 2187 3188 -
2218 3148 2276 3203 in
2295 3147 2455 3201 finem
2474 3148 2573 3216 (εἰς
2591 3150 2762 3211 τέλος)

573 3249 620 3288 c.
639 3233 708 3289 D.
731 3235 813 3289 ed.
851 3250 952 3303 pr„
985 3236 1043 3289 in
1077 3234 1184 3289 fine
1203 3235 1260 3289 B.
1280 3234 1338 3287 L.
1365 3235 1505 3298 vat,
1544 3232 1603 3287 in
1640 3242 1959 3302 perpetuum
1978 3251 2113 3289 v.—-
2174 3235 2251 3288 10.
2274 3234 2332 3287 in
2349 3232 2509 3289 corde
2529 3236 2761 3303 (ἐπὶτὴν

573 3321 819 3393 καρδίαν)
853 3336 900 3375 o.
920 3321 985 3377 D.
1009 3322 1152 3385 Vat,
1191 3320 1248 3374 in
1285 3318 1450 3374 corda.
1468 3319 1555 3376 ed.
1573 3336 1653 3389 pr.
1671 3338 1718 3375 v.
1741 3350 1804 3359 -
1859 3322 1941 3372 13.
1978 3334 2177 3387 aquam
2195 3322 2282 3385 (τὸ
2303 3321 2457 3390 ὕδωρ)
2479 3336 2522 3375 c.
2543 3319 2610 3377 D.
2629 3321 2761 3379 Vat.

571 3404 659 3464 ed.
690 3421 790 3475 pr„
821 3420 995 3475 aquas
1012 3423 1062 3464 v.
1082 3435 1148 3446 —
1182 3405 1312 3461 Hic.
1331 3404 1397 3460 D.
1421 3407 1562 3472 Vat„
1597 3405 1637 3459 ii
1656 3405 1741 3461 ed.
1761 3422 1843 3474 pr.
1862 3424 1909 3462 v.
1929 3432 1999 3445 —
2040 3408 2121 3463 13.
2142 3410 2222 3461 lh.
2238 3404 2479 3459 volentes
2496 3405 2763 3475 baptizari

563 3506 618 3561 t..
655 3492 780 3547 Vat.
827 3490 912 3549 ed.
957 3482 1037 3561 pr.
1071 3509 1147 3557 v.‚
1198 3491 1444 3547 nolentes
1489 3491 1748 3559 baptisari
1781 3490 1846 3545 D.
1898 3520 1969 3531 —
2038 3495 2126 3553 14.
2180 3490 2387 3546 venerit
2429 3508 2476 3549 e.
2509 3489 2576 3545 D.
2621 3492 2761 3558 Vat„

569 3576 719 3632 venit
761 3578 842 3634 ed.
879 3594 960 3647 pr.
994 3595 1042 3633 v.
1076 3578 1142 3617 -'--
1215 3582 1295 3633 15.
1343 3577 1601 3631 memoria.
1635 3591 1679 3644 e.
1714 3575 1780 3631 D.
1825 3579 1969 3642 vat,
2024 3577 2335 3632 memoriam
2371 3575 2455 3633 ed.
2490 3570 2583 3643 pr.
2604 3592 2652 3630 v.
2689 3604 2758 3617 -

568 3662 855 3719 retrahunt
888 3678 933 3719 c.
975 3662 1043 3716 D.
1078 3662 1162 3716 ed.
1194 3678 1275 3729 pr.
1307 3680 1385 3727 v.,
1424 3661 1706 3717 retrahent
1742 3663 1865 3719 vat.
1901 3691 1967 3702 -
2002 3664 2384 3731 ambulantque
2423 3678 2467 3717 c.
2511 3662 2629 3715 Vat.
2668 3660 2759 3719 ed.

570 3763 648 3815 pr.
685 3764 752 3813 ι,
786 3758 841 3803 et
871 3748 1151 3804 ambulant
1166 3747 1233 3804 D.
1268 3777 1336 3789 -
1391 3750 1473 3804 15.
1514 3750 1595 3801 16.
1630 3762 1821 3801 rursus
1855 3748 2029 3815 primo
2063 3748 2335 3803 desideria
2369 3762 2471 3803 sua
2504 3746 2760 3806 scelestis

573 3836 694 3890 vat.
729 3864 795 3873 —-
866 3837 948 3892 16.
983 3834 1150 3903 igitur
1182 3850 1230 3890 e.
1273 3835 1390 3887 Vat.
1423 3832 1507 3887 ed.
1542 3847 1623 3901 pr.
1658 3850 1735 3895 v.‚
1774 3848 1901 3901 ergo
1934 3832 2003 3889 D.
2042 3861 2108 3873 —
2149 3835 2225 3889 17.
2262 3848 2363 3901 ego
2397 3848 2502 3901 que
2536 3832 2620 3897 D.,
2657 3848 2757 3901 ego

569 3921 661 3989 qui
705 3920 820 3974 Vat.
858 3920 940 3974 ed.
975 3936 1082 3989 pr.‚
1119 3933 1218 3987 ego
1253 3933 1380 3973 vero
1413 3936 1458 3973 v.
1495 3948 1564 3957 —-
1635 3920 1716 3973 18.
1754 3920 1839 3972 An
1873 3919 1931 3973 hi
1967 3936 2151 3977 omnes
2184 3920 2393 3988 lapides
2428 3936 2475 3975 c.
2516 3921 2572 3973 D.
2614 3920 2753 3986 vat„

569 4022 640 4060 an
674 4005 714 4058 ii
749 4019 933 4060 omnes
965 4005 1175 4073 lapides
1210 4003 1268 4059 B.
1306 4002 1366 4055 L.
1402 4002 1484 4058 ed.
1520 4019 1623 4071 pr„
1662 4018 1734 4058 an
1763 4002 1833 4057 iis
1866 4005 2112 4061 omnibus
2146 4003 2416 4073 lapidibus
2449 4022 2497 4060 v.
2533 4034 2600 4043 -—
2674 4005 2755 4059 19.

568 4093 617 4145 si
654 4100 738 4146 est
775 4091 885 4145 illis
916 4092 1248 4159 poenitentia
1281 4106 1327 4146 e.
1363 4089 1423 4145 B.
1459 4088 1525 4143 D.
1562 4087 1623 4145 L.
1668 4091 1782 4144 Vat.
1826 4090 1908 4143 ed.
1945 4107 2053 4160 pr„
2118 4108 2188 4145 an
2225 4097 2310 4143 est
2340 4089 2670 4158 poenitentia.
2707 4108 2755 4145 v.

570 4207 636 4216 —-
703 4167 730 4230 '1
743 4178 790 4229 9.
826 4183 909 4235 20.
959 4186 1013 4232 et
1059 4177 1400 4233 habebuntur
1443 4173 1500 4228 in
1546 4173 1737 4227 turrim
1784 4175 1923 4229 hanc
1970 4194 2014 4233 c.
2048 4176 2113 4231 D.
2158 4178 2277 4233 Vat.
2324 4176 2643 4243 (habentur)
2678 4175 2755 4240 L.,
