3003 5080
1137 388 1306 444 Simil.
1348 388 1414 454 v,
1451 392 1498 441 5.
1540 391 1591 442 6.
2372 391 2459 457 83

265 576 478 621 vorum
527 559 638 624 dei.
683 559 796 621 cibi
842 580 1014 641 vero,
1082 580 1233 640 quos
1257 562 1348 623 .de
1394 580 1579 623 coena
1612 560 1781 622 'misit
1817 559 1933 631 illi,
1980 563 2253 625 mandata
2296 576 2457 639 sunt,

263 681 414 741 quae
468 682 576 742 per
628 664 816 725 filium
877 664 1038 724 dedit
1078 664 1301 744 populo
1345 684 1478 725 sue.
1550 662 1719 723 amici
1763 672 1960 725 autem
2005 663 2123 738 illi,
2195 685 2346 745 quos
2391 668 2454 729 in

261 766 509 825 oonsilio
568 766 904 840 advocavit,
975 766 1180 851 nunoii
1238 775 1380 828 suut
1436 764 1661 838 saneti,
1742 785 1891 845 quos
1948 767 2174 845 primos
2218 770 2451 831 creavit.

259 868 527 928 absentia
579 886 718 929 vero
763 868 922 930 illius
966 868 1399 949 patrisfamilias
1444 875 1683 947 tempus
1729 875 1851 942 est,
1924 870 2081 947 quod
2126 870 2187 931 in
2232 872 2450 933 adven-

256 979 384 1031 tum
431 970 557 1031 eius
600 976 840 1034 restat“.
888 972 1016 1033 dico
1065 972 1150 1032 ei:
1209 970 1591 1049 „Magnifice‚
1639 969 1915 1050 domine,
1960 979 2017 1031 et
2058 973 2205 1035 mire
2250 975 2445 1036 omnia
2504 970 2547 1035 5

255 1092 322 1133 se
380 1073 601 1134 habent
653 1080 830 1153 atque
876 1075 1140 1135 honeste.
1214 1072 1508 1152 numquid
1552 1091 1724 1153 ergo,
1802 1072 2073 1149 domine,
2147 1077 2293 1140 haec
2334 1096 2443 1157 ego

252 1184 523 1254 poteram
568 1175 937 1256 intelligere?
1009 1195 1088 1237 ne
1124 1174 1358 1254 quidem
1408 1175 1699 1254 quispiam
1742 1182 2043 1254 praeterea
2086 1178 2297 1260 homo,
2358 1189 2444 1241 ta·

251 1278 424 1339 metsi
479 1278 648 1339 valde
703 1280 963 1359 prudens
1022 1278 1131 1352 sit,
1208 1277 1424 1357 poterit
1463 1277 1792 1355 intelligere
1835 1297 1923 1338 ea.
1968 1280 2070 1339 sed
2118 1300 2280 1342 nunc
2323 1282 2441 1342 iam

249 1380 429 1456 mihi,
477 1381 747 1456 domine,
790 1382 1165 1454 demonstra,
1211 1379 1370 1458 quod
1412 1384 1695 1458 quaero“.
1788 1378 1965 1461 „Dic,
2008 1382 2058 1441 si
2105 1382 2246 1461 quid
2289 1383 2435 1458 vis“,

247 1482 462 1563 inquit.
554 1485 852 1565 „Quare“‚
893 1484 1158 1562 inquam,
1205 1481 1398 1558 „filius
1443 1482 1538 1543 dei
1578 1482 1638 1542 in
1683 1482 2063 1545 similitudine
2098 1486 2211 1545 hac
2238 1484 2537 1548 servililt)

243 1586 382 1647 loeo
428 1583 760 1667 ponitur“?
849 1584 1107 1660 ⁶Audi“‚
1177 1584 1404 1662 inquit,
1473 1584 1575 1661 „in
1632 1586 1826 1646 servili
1885 1586 2225 1648 conditione
2282 1588 2435 1651 filius

245 1688 343 1750 dei
386 1708 510 1750 non
558 1689 836 1770 ponitur,
881 1689 985 1749 sed
1026 1688 1088 1747 in
1133 1705 1408 1767 magnam
1453 1695 1800 1767 potestatem
1847 1697 1907 1749 et
1948 1688 2331 1768 imperium“.
2378 1699 2437 1753 et

243 1791 399 1852 dixi:
475 1791 1091 1871 ‚,Quemadmodum“,
1163 1790 1442 1869 inquam,
1520 1791 1833 1866 „domine‚
1906 1811 2030 1852 non
2100 1791 2430 1871 intelligo“.

243 1892 650 1974 „Quoniam“‚
694 1894 922 1972 inquit,
997 1894 1250 1969 [vineam
1313 1894 1456 1953 deus
1512 1893 1832 1971 plantavit,
1893 1894 1968 1970 id,
2008 1902 2101 1955 est
2140 1895 2430 1974 populum

239 1996 494 2074 creavit]
541 2015 798 2075 eumque
840 1995 962 2055 filio
1007 2014 1115 2055 suo
1161 1994 1433 2075 tradidit,
1504 2003 1563 2055 et
1604 1996 1757 2057 filius
1797 1996 1923 2057 eius
1965 1995 2217 2057 nuncios
2255 2017 2428 2077 prae-
2445 1998 2525 2062 15

236 2098 442 2177 posuit
483 2100 557 2160 ad
599 2098 1037 2160 conservandos
1081 2095 1367 2175 singulos
1411 2097 1535 2177 ipse
1562 2106 1756 2158 autem
1786 2098 2111 2178 plurimum
2140 2099 2429 2161 laboravit

236 2200 685 2281 plurimumque
740 2219 1053 2280 perpessus
1095 2208 1215 2274 est,
1286 2208 1353 2261 ut
1393 2201 1660 2262 aboleret
1702 2200 1910 2261 delicta
1954 2219 2183 2264 eorum.
2257 2201 2425 2264 nulla

378 2436 426 2489 1.
473 2436 555 2491 illi
587 2450 635 2490 c.
670 2436 795 2490 Vat.
843 2434 929 2489 ed.
975 2450 1056 2505 pr.
1091 2452 1170 2500 v.,
1225 2435 1276 2489 ei
1311 2437 1409 2491 al's
1441 2436 1523 2489 illi
1556 2434 1623 2488 D.
1672 2464 1741 2475 -
1809 2435 1859 2488 3.
1894 2434 2079 2489 nuncii
2112 2448 2159 2487 c.
2194 2434 2262 2489 D.
2296 2436 2421 2491 Vat.

227 2521 370 2577 Mss.
405 2522 591 2590 Angl„
628 2521 807 2592 angeli
843 2520 927 2575 ed.
965 2536 1046 2590 pr.
1081 2539 1129 2576 v.
1166 2552 1231 2564 -
1267 2521 1469 2592 primos
1501 2521 1735 2590 (πρῶτοι)
1768 2534 1814 2573 c.
1850 2519 1935 2585 D.,
1971 2520 2141 2590 primo
2174 2520 2297 2576 Vat.
2336 2522 2420 2577 ed.

225 2623 314 2677 pr.
353 2624 401 2662 v.
443 2637 504 2648 -
574 2611 624 2660 4.
663 2607 908 2662 absentio
935 2607 1060 2661 Vat.
1106 2637 1174 2647 —
1245 2613 1294 2660 5.
1328 2605 1645 2676 Magnifice,
1698 2605 1911 2659 domine
1944 2621 1991 2658 c.
2028 2609 2089 2658 D.
2124 2605 2275 2673 Vat„
2330 2609 2421 2663 do-

226 2692 396 2758 mine,
433 2693 712 2762 magnifice
746 2691 833 2748 ed.
871 2708 953 2763 pr.
991 2710 1039 2747 v.
1075 2723 1136 2732 —-
1180 2692 1361 2748 omnia
1393 2708 1441 2747 c.
1474 2691 1541 2744 D.
1565 2689 1710 2754 vat..
1744 2691 1923 2744 omnia.
1956 2690 2093 2744 haec
2128 2692 2212 2746 ed.
2249 2707 2329 2762 pr.
2367 2711 2417 2747 v.

225 2807 299 2819 —
375 2781 423 2832 θ.
461 2778 672 2833 domine
706 2795 753 2833 c.
788 2779 856 2832 D.
893 2777 1048 2845 Vat„
1081 2777 1322 2842 domine,
1359 2779 1581 2846 inquam
1615 2776 1699 2829 ed.
1734 2790 1817 2844 pr.
1853 2792 1901 2829 v.
1939 2805 2009 2816 —
2043 2790 2143 2844 ego
2180 2779 2333 2848 (ἐγὼ)
2368 2793 2417 2832 c.

225 2863 296 2917 D.
315 2904 331 2930 ‚
387 2881 489 2920 om.
530 2865 656 2920 Vat.
695 2863 778 2918 ed.
815 2879 896 2934 pr.
932 2882 982 2918 v.
1019 2893 1086 2904 -
1156 2867 1205 2918 ⁷.
1244 2864 1510 2933 quispiam
1543 2858 1827 2930 praeterea
1860 2874 1906 2912 o.
1941 2861 2067 2916 Vat.
2102 2861 2185 2915 ed.
2228 2877 2311 2932 pr.
2345 2882 2414 2931 v.‚

221 2955 514 3020 praeterea
549 2949 818 3019 quispiam
833 2949 900 3002 D.
925 2979 988 2988 —
1028 2951 1076 3001 7.
1115 2951 1164 3002 8.
1201 2949 1416 3004 tametsi
1450 2962 1495 3001 c.
1516 2948 1639 3002 Vat.
1670 2947 1761 3000 'ed.
1782 2961 1864 3015 pr.
1883 2964 1950 3010 v.‚
1986 2954 2167 3001 tamen
2194 2953 2250 3002 et
2278 2949 2325 3002 si
2342 2949 2411 3003 D.

222 3062 292 3077 —
317 3034 759 3103 ea(a131‹?=)c.ed.
778 3050 860 3105 pr.
875 3052 941 3098 ι,
965 3049 1084 3088 eam
1103 3033 1167 3088 D.
1185 3038 1304 3089 Vat.
1333 3063 1388 3074 --
1428 3037 1477 3086 8.
1497 3035 1548 3086 9.
1568 3034 1677 3088 iam
1694 3033 1843 3096 mihi,
1861 3032 2090 3096 domine,
2108 3033 2413 3089 demonstra.

222 3135 270 3174 c.
297 3118 365 3171 D.
384 3119 508 3175 Vat.
529 3120 613 3174 ed.
631 3136 730 3189 pr„
766 3119 898 3173 mihi
931 3119 1253 3182 demonstra,
1289 3118 1503 3174 domine
1531 3138 1582 3176 v.
1603 3150 1666 3160 -
1727 3121 1774 3172 9.
1812 3118 1931 3182 Dic,
1966 3119 2012 3172 si
2032 3119 2163 3186 quid
2175 3119 2256 3174 vis
2276 3134 2321 3172 c.
2340 3120 2409 3174 D.

221 3206 352 3261 Vat.
370 3205 504 3258 Mss.
524 3206 702 3273 Angl„
735 3205 946 3272 Quaere
962 3205 1106 3273 quod
1122 3205 1202 3259 vis
1221 3205 1305 3259 ed.
1324 3220 1404 3274 pr.
1425 3222 1475 3259 v.
1489 3235 1559 3245 -
1598 3206 1678 3259 10.
1696 3203 1754 3258 in
1770 3203 2119 3258 similitudine
2135 3203 2239 3259 hac
2255 3219 2301 3257 e.
2324 3206 2409 3260 ed.

220 3306 306 3361 pr.
327 3308 398 3356 v„
417 3291 475 3344 in
495 3291 898 3346 similitudinem
916 3291 1018 3345 hac
1035 3291 1120 3354 D..
1139 3289 1198 3344 in
1217 3290 1621 3344 similitudinem
1640 3307 1705 3346 ao
1721 3292 1845 3345 Vat.
1862 3318 1931 3330 -
1955 3291 2037 3343 11.
2062 3291 2143 3344 12.
2158 3289 2304 3345 filius
2322 3291 2411 3345 dei

217 3393 334 3432 non
381 3377 598 3446 ponitur
641 3391 686 3432 c.
735 3377 799 3431 D.
835 3377 960 3430 Vat.
1011 3376 1096 3434 ed.
1145 3392 1255 3446 pn,
1309 3393 1418 3431 non
1462 3377 1682 3446 ponitur
1712 3376 1858 3431 filius
1888 3375 1976 3430 dei
2011 3394 2059 3430 v.
2099 3404 2162 3416 —
2235 3377 2315 3429 12.
2352 3376 2409 3430 in

217 3478 474 3531 magnam
507 3466 830 3532 potestatem
865 3467 920 3515 et
951 3460 1236 3531 imperium
1269 3477 1316 3516 c.
1353 3462 1420 3515 D.
1455 3462 1580 3517 Vat.
1617 3462 1749 3517 Mss.
1784 3462 1960 3530 Angl.‚
1994 3461 2053 3514 in
2086 3476 2277 3528 magna
2313 3477 2408 3531 po-

216 3553 420 3602 testate
467 3554 523 3601 et
569 3547 794 3617 imperio
845 3545 929 3601 ed.
978 3563 1058 3616 pr.
1106 3565 1156 3602 v.
1212 3577 1278 3586 —
1352 3549 1432 3601 12.
1473 3549 1556 3602 13.
1608 3552 1663 3600 et
1706 3546 1817 3600 dixi
1860 3560 1907 3598 c.
1934 3547 2000 3600 D.
2037 3545 2161 3601 Vat.
2204 3546 2287 3600 ed.
2322 3563 2404 3616 pr.

215 3633 442 3696 Dress.‚
494 3634 546 3687 ei
586 3633 696 3686 dixi
731 3651 781 3688 v.
833 3663 898 3672 —
972 3635 1052 3685 13.
1092 3632 1549 3699 Quemadmodum
1588 3649 1633 3686 c.
1669 3633 1736 3686 D.
1771 3632 1923 3699 Vat.‚
1977 3632 2094 3699 Quo
2127 3631 2282 3685 modo
2318 3633 2402 3686 ed.

215 3735 302 3789 pr.
341 3736 393 3773 v.
435 3747 500 3760 -
575 3721 655 3774 14.
695 3720 775 3771 15.
818 3717 1029 3772 uncinis
1065 3717 1277 3773 inclusa
1307 3719 1552 3788 supplevi
1586 3719 1880 3774 secundum
1913 3734 1993 3787 gr.
2029 3733 2060 3771 e
2094 3717 2237 3783 Pal„
2296 3734 2412 3792 om..

215 3803 377 3860 codd.
415 3809 470 3857 et
515 3804 636 3860 edd.
669 3834 738 3843 —
809 3805 892 3856 15.
930 3818 1158 3871 eumque
1194 3804 1432 3868 emend,
1486 3820 1611 3858 eum
1656 3820 1813 3873 quem
1842 3805 1908 3858 D.
1943 3804 2095 3867 Vat„
2153 3803 2233 3857 eis
2269 3820 2403 3872 quos

219 3890 306 3947 ed.
344 3905 428 3959 pr.
464 3906 512 3942 v.
555 3920 616 3930 -
655 3894 711 3943 et
741 3887 886 3943 filius
929 3892 1041 3958 (καὶ
1081 3891 1105 3941 ὁ
1147 3890 1280 3958 υἱὸς)
1315 3903 1361 3941 c.
1397 3889 1466 3943 D.
1501 3889 1642 3953 Vat„
1683 3889 1825 3944 filius
1862 3889 1947 3943 ed.
1981 3904 2061 3958 pr.
2096 3906 2144 3942 v.
2166 3919 2231 3928 —
2268 3907 2405 3944 nun-

217 3973 334 4028 cios
381 3976 520 4039 (τοὺς
555 3975 821 4045 ἀγγέλους)
858 3990 900 4028 c.
940 3975 1024 4030 ed.
1062 3990 1144 4044 pr.
1173 3991 1253 4040 v.,
1287 3977 1515 4032 nuncius
1549 3975 1615 4029 D.
1650 3975 1773 4030 Vat.
1804 4006 1872 4016 —-
1947 3977 2025 4026 15.
2066 3976 2147 4029 16.
2177 3989 2405 4044 praepo-

218 4059 334 4112 suit
378 4076 424 4115 ο.
461 4059 529 4112 D.
567 4059 651 4113 ed.
686 4074 766 4129 pr.
802 4079 849 4116 v.
866 4100 882 4126 ,
936 4059 1211 4130 proposuit
1246 4059 1369 4115 Vat.
1419 4091 1482 4103 —
1556 4064 1639 4118 16.
1674 4060 2066 4117 conservandos
2099 4077 2146 4116 c.
2181 4060 2247 4113 D.
2282 4060 2405 4115 Vat.

216 4144 304 4199 ed.
341 4159 422 4214 pr.
459 4163 539 4211 v.‚
599 4145 989 4202 confirmandos
1022 4145 1083 4199 L.
1133 4174 1201 4185 —
1912 4230 1955 4295 6

1968 4234 1997 4266 *
