3003 5080
1187 399 1303 456 Vis.
1337 399 1380 466 1,
1416 395 1462 455 ⁸.
1501 405 1549 454 4.
1790 405 1797 414 ‘
2412 400 2453 468 7

267 575 472 640 nobis:
553 573 745 650 „Ecce
805 572 952 634 deus
1005 571 1323 654 virtutum,
1399 573 1500 654 qui
1557 572 1829 635 invisibili
1873 573 2086 634 virtute
2130 585 2189 634 et
2232 593 2451 654 magno

264 696 446 739 sensu
505 695 615 738 suo
665 673 929 737 condidit
969 676 1261 736 mundum
1305 684 1364 737 et
1405 675 1731 737 honorifico
1776 675 2022 738 consilio
2068 675 2454 738 circumdedit

267 779 544 840 decorem
587 785 892 846 creaturae
935 796 1076 838 suae
1115 786 1174 838 et
1218 777 1539 839 fortissimo
1584 798 1695 841 suo
1740 778 1920 840 verbo
1950 778 2193 842 confixit
2221 778 2444 840 caelum

266 890 328 942 et
382 879 652 942 fundavit
701 888 920 941 terram
963 896 1144 960 super
1185 890 1472 960 aquas-et
1514 881 1725 944 virtute
1768 900 1875 944 sua
1917 881 2147 962 potenti
2190 881 2452 943 condidit

265 993 532 1046 sanctam
579 982 886 1044 ecclesiam
931 1001 1123 1062 suam,
1170 999 1350 1060 quam
1392 983 1713 1064 benedixit,
1753 1003 1893 1046 ecce
1932 984 2217 1046 transfert
2257 983 2449 1044 caelos
2508 977 2550 1040 5

265 1103 337 1148 ac
379 1095 648 1165 monteS,
706 1084 889 1146 colles
932 1103 1002 1145 ac
1045 1084 1263 1165 maria,
1307 1095 1369 1148 et
1409 1086 1611 1148 omnia
1653 1087 1830 1167 plana
1877 1087 2021 1148 ssent
2060 1086 2261 1148 electis
2304 1086 2447 1164 eius,

264 1196 335 1251 ut
387 1186 595 1249 reddat
649 1185 763 1250 illis
815 1186 1371 1268 repromissionem,
1443 1206 1624 1267 quam
1680 1188 2021 1270 repromisit
2076 1207 2215 1251 cum
2258 1175 2449 1250 multo

265 1291 497 1354 honore
539 1296 600 1350 et
640 1287 890 1369 gaudio,
935 1289 984 1350 si
1027 1289 1392 1352 servaverint
1429 1291 1689 1372 legitima
1734 1291 1861 1372 dei,
1906 1310 2058 1371 quae
2098 1300 2455 1372 acceperunt

265 1392 327 1456 in
371 1411 588 1472 magna
629 1392 804 1454 flde“.

482 1518 782 1601 ‘cumque
824 1531 1296 1583 consummasset
1339 1521 1626 1602 legendo,
1687 1521 1991 1583 exurrexit
2033 1521 2107 1583 de
2150 1521 2445 1600 cathedra,
2473 1521 2551 1586 10

265 1635 327 1688 et
380 1630 672 1684 venerunt
728 1633 986 1702 quatuor
1039 1623 1280 1686 iuvenes
1331 1633 1390 1687 et
1426 1624 1697 1687 tulerunt
1737 1623 1951 1686 iterum
1996 1624 2335 1685 cathedram
2378 1625 2450 1685 ad

265 1727 580 1790 orientem.
649 1734 734 1786 et.
766 1727 990 1789 vocavit
1046 1745 1141 1789 me
1198 1726 1274 1788 ad
1327 1745 1390 1789 se
1435 1736 1495 1789 et
1532 1726 1720 1806 tetigit
1764 1735 1969 1807 pectus
2011 1744 2210 1789 meum
2254 1727 2451 1805 aitque

268 1830 442 1894 mihi:
492 1826 757 1905 „Placuit
798 1827 902 1890 tibi
949 1829 1121 1890 lectio
1167 1826 1388 1891 mea“?
1433 1829 1567 1891 dico
1613 1830 1697 1892 ei:
1746 1827 2074 1906 „Domina‚
2116 1828 2262 1890 haec
2308 1828 2450 1890 mihi

267 1933 588 1997 novissima
630 1929 886 2011 placent,
928 1931 1126 2011 priora
1169 1940 1366 1992 autem
1408 1949 1579 1993 saeva
1622 1940 1681 1994 et
1724 1932 1868 1994 dura
1898 1935 2101 1993 sunt“.
2145 1939 2204 1992 at
2232 1930 2329 1991 illa
2373 1931 2452 1992 ait

269 2035 450 2098 mihi:
497 2034 696 2110 „Haec
740 2033 1053 2095 novissima
1092 2032 1281 2107 iustis,
1323 2033 1524 2114 priora
1568 2042 1766 2094 autem
1806 2033 2026 2114 refugis
2054 2041 2113 2095 et
2138 2034 2448 2096 ethnicis“.
2477 2037 2554 2099 ¹5

271 2148 334 2202 et
388 2156 527 2200 cum
585 2137 928 2216 loqueretur
984 2153 1253 2216 mecum,
1329 2136 1447 2198 duo
1504 2136 1740 2217 quidam
1801 2135 1909 2197 viri
1951 2147 2352 2217 apparuerunt
2394 2143 2453 2198 et

271 2242 647 2305 sustulerunt
687 2255 815 2300 eam
860 2237 922 2298 in
951 2238 1214 2300 humeris
1243 2247 1302 2299 et
1329 2237 1624 2311 abierunt,
1669 2238 1771 2301 ubi
1799 2247 1859 2301 et
1887 2240 2157 2301 cathedra
2191 2249 2335 2318 erat,
2381 2239 2454 2299 ad

271 2345 590 2406 orientem.
634 2339 836 2402 hilaris
878 2349 1072 2402 antem
1120 2341 1402 2416 discessit,
1445 2349 1506 2403 et
1548 2359 1684 2403 cum
1728 2341 1861 2416 iret,
1905 2341 1987 2404 ait
2030 2341 2206 2402 mihi:
2256 2341 2455 2416 „Con-

273 2450 535 2526 sortare,
578 2443 856 2504 Herma“.

269 2736 372 2793 pr„
389 2718 448 2773 in
462 2715 628 2772 verba
643 2711 903 2773 memoria
920 2712 1063 2777 vat..
1097 2712 1355 2768 memoria
1373 2728 1420 2768 v.
1443 2740 1507 2754 -
1546 2713 1756 2770 modica
1774 2729 1819 2770 c.
1838 2714 1907 2771 D.
1926 2712 2066 2778 Vat„
2083 2728 2254 2793 pauca
2274 2712 2355 2767 ed.
2376 2730 2459 2780 pr.

269 2825 321 2865 v.
345 2834 410 2846 —
444 2807 493 2857 2.
513 2806 564 2859 3.
599 2796 950 2856 circumdedit
968 2796 1215 2853 decorem
1233 2806 1517 2855 creaturae
1534 2806 1667 2854 suae
1685 2805 1743 2855 'et
1758 2798 2052 2855 fortissimo
2070 2800 2163 2865 (cf.
2181 2802 2352 2868 gr.)'c.
2371 2800 2461 2855 ed.

268 2908 355 2965 pr.
387 2908 464 2955 v..
522 2903 624 2945 om.
676 2886 740 2941 D.
789 2885 915 2940 Vat.
959 2912 1026 2925 -
1096 2886 1144 2938 3.
1198 2883 1416 2941 confixit
1459 2885 1680 2955 (νεῆξας)
1715 2901 1760 2941 c.
1796 2884 1917 2940 Vat.
1960 2886 2041 2941 ed
2077 2899 2159 2956 pr.
2195 2905 2285 2950 v.,·
2332 2902 2459 2941 con-

270 2976 428 3033 finxit
459 2974 524 3028 D.
562 3000 630 3013 -
699 2976 751 3029 4.
798 2976 972 3025 terras
1007 2969 1129 3025 Vat.
1167 2999 1230 3011 —
1303 2975 1352 3026 5.
1409 2986 1567 3027 suam
1615 2971 1836 3041 (αὐτοῦ)
1883 2987 1928 3028 c.
1962 2969 2029 3026 D.
2065 2989 2143 3036 v.,
2195 2987 2296 3028 om.
2332 2970 2459 3027 Vnt.

273 3062 360 3120 ed.
399 3072 479 3129 pr.
517 3088 584 3101 -·
654 3060 701 3111 6.
737 3054 904 3111 colles
941 3056 1086 3124 (τοὺς
1121 3058 1366 3122 βουνοὺς)
1403 3076 1448 3114 c.
1485 3057 1572 3115 ed.
1606 3068 1687 3126 pr.
1714 3074 1782 3122 ι,
1816 3070 1921 3111 om.
1959 3055 2025 3113 D.
2044 3057 2167 3114 Vat.
2206 3086 2258 3096 -—
2298 3057 2461 3125 plana

225 3178 232 3185 -
273 3148 504 3218 (ὁμαλὰ)
551 3161 596 3199 e.
637 3143 703 3198 B.
750 3140 810 3196 C.
857 3140 928 3197 D.
975 3138 1036 3193 L.
1085 3139 1252 3204 Vict.‚
1303 3142 1465 3209 plena
1510 3140 1631 3197 Vat.
1678 3141 1762 3195 ed.
1797 3158 1876 3211 pr.
1913 3159 1960 3197 v.
1999 3173 2064 3182 —
2107 3142 2241 3198 fient
2272 3142 2460 3198 electis

271 3252 323 3293 c.
355 3232 479 3288 Vat.
517 3230 600 3286 ed.
637 3246 714 3300 pr.
750 3248 828 3296 v.,·
849 3228 1057 3283 enectis
1087 3227 1222 3282 fient
1253 3226 1420 3282 1).--
1453 3229 1504 3279 8.
1540 3226 1601 3280 δί’
1622 3241 1667 3280 c.
1685 3225 1752 3280 D.
1793 3228 1877 3285 cd.
1914 3244 1990 3297 pr.
2025 3245 2092 3295 ι,
2126 3244 2229 3285 om.
2251 3228 2372 3282 Vat.
2396 3254 2457 3268 -

274 3320 688 3379 servaverint&¹
723 3315 782 3369 B.
820 3316 885 3369 D.
920 3314 1056 3369 Vict.
1090 3312 1174 3368 ed.
1210 3327 1310 3381 pr..
1346 3312 1611 3368 servarint
1642 3313 1764 3369 Vat.
1797 3330 1846 3368 v.
1884 3338 1949 3355 «-
2042 3336 2048 3344 ·

420 3432 498 3485 11.
540 3428 737 3482 iterum
783 3424 1094 3480 cathedram
1129 3438 1174 3476 c.
1215 3422 1298 3477 ed.
1330 3436 1409 3492 pr.
1426 3463 1441 3487 ,
1496 3423 1691 3479 tricum
1726 3423 2037 3481 cathedram
2071 3424 2218 3489 Vat„
2269 3424 2461 3479 kathe-

275 3518 432 3574 dram
473 3516 666 3569 iterum
712 3512 806 3578 D.‚
860 3509 1171 3565 cathedram
1216 3525 1263 3564 v.
1303 3538 1363 3547 —
1440 3508 1522 3562 14.
1558 3522 1721 3565 saeva
1756 3516 1811 3565 et
1844 3510 1983 3566 dura
2019 3527 2065 3566 c.
2097 3510 2222 3565 Vat.
2258 3508 2342 3563 ed.
2376 3514 2459 3577 pr'.

275 3622 358 3668 v..
412 3602 548 3655 dura
593 3602 650 3653 et
693 3612 828 3653 seua
861 3595 928 3655 D.
978 3626 1039 3637 -
1117 3596 1194 3649 14.
1245 3596 1324 3649 15,
1375 3599 1431 3649 at
1476 3594 1575 3649 illa
1620 3590 1697 3651 ait
1741 3595 1873 3650 mihi
1906 3612 1951 3653 c.
1986 3596 2073 3653 ed.
2106 3589 2213 3665 ¹pr„
2267 3593 2462 3650 acillo.

275 3688 358 3744 ait
391 3686 522 3740 mihi
556 3684 681 3741 Vat.
714 3682 930 3747 DresS„
965 3682 1043 3737 ait
1075 3680 1173 3736 illa
1204 3680 1336 3733 mihi
1371 3678 1454 3745 D..
1486 3686 1546 3735 at
1576 3679 1673 3738 illa
1706 3682 1785 3738 ait
1818 3674 1932 3738 Cot.
1968 3710 2035 3722 -
2109 3682 2194 3735 15.
2222 3679 2382 3734 iustis
2415 3694 2463 3734 c.

274 3772 433 3830 codd.
470 3774 526 3828 et
560 3769 643 3825 ed.
678 3779 788 3838 pr..
821 3768 943 3823 istis
979 3767 1094 3822 Cot.
1123 3794 1195 3808 —
1263 3768 1342 3821 16.
1378 3766 1597 3836 quidam
1630 3781 1677 3824 c.
1708 3763 1776 3825 D.
1810 3766 1932 3825 Vat.
1963 3783 2011 3821 v.
2028 3806 2045 3829 ,
2077 3766 2292 3836 quidem
2328 3766 2465 3820 Vict.

278 3858 368 3915 ed.
417 3866 501 3926 pr.
547 3886 616 3899 —
689 3854 770 3911 ¹7.
805 3868 926 3909 eam
972 3870 1018 3909 c.
1053 3850 1177 3908 Vat.
1224 3852 1309 3910 ed.
1356 3869 1472 3922 pr..
1522 3852 1671 3908 illam
1721 3852 1787 3908 D.
1828 3868 1902 3931 v.r
1926 3879 1989 3893 -
2042 3852 2103 3906 in
2144 3850 2385 3908 humeris
2420 3866 2467 3906 e.

276 3944 348 3999 D.
383 3941 506 3997 Vat.
541 3936 626 3995 ed.
661 3948 760 4007 pr..
796 3938 1036 3994 humeris
1079 3952 1128 3992 v.
1179 3968 1227 3978 -
1276 3942 1396 3993 erat
1430 3953 1473 3994 c.
1514 3936 1633 3995 Vat.
1671 3934 1752 3994 ed.
1788 3955 1868 4009 pr.
1900 3955 1983 4005 v.,
2016 3952 2117 3995 om.
2151 3936 2215 3993 D.
2261 3971 2313 3981 -
2380 3940 2465 3993 18.

277 4030 388 4084 iret
418 4038 464 4083 c.
498 4026 567 4081 D.
603 4024 726 4081 Vat.
760 4026 949 4083 Dress.
967 4065 982 4090 ,
1017 4024 1191 4081 abiret
1225 4022 1310 4078 ed.
1345 4039 1422 4091 pr.
1457 4043 1505 4078 v.
1551 4052 1611 4065 -
