3003 5080
540 326 626 393 84
1534 324 1741 381 Pastor.

539 500 698 561 enim
741 498 909 560 vinea
954 505 1146 579 potest
1188 498 1309 559 sodi
1353 498 1496 559 sine·
1525 498 1729 559 labore
1771 517 1839 559 ac
1875 497 2109 565 dolore.
2158 496 2361 559 deletis
2388 495 2566 575 igitur
2592 511 2735 574 pec-

537 603 680 663 catis
733 601 941 681 populi
996 600 1085 664 sui
1125 600 1251 681 ipse
1294 600 1513 661 eisdem
1559 600 1911 662 monstravit
1952 599 2159 661 itinera
2206 601 2389 673 vitae,
2474 598 2605 659 data
2649 596 2741 657 eis

536 704 701 783 lege,
747 722 942 783 quam,
969 723 1000 765 a
1045 711 1214 782 patre
1259 712 1585 783 acceperat.
1630 703 1789 764 vides
1833 702 2043 781 igitur,
2100 702 2406 763 dominum
2454 720 2582 761 esse
2623 718 2739 778 po·-

538 807 686 887 puli‚
729 813 966 885 accepta
1007 824 1040 865 a
1081 813 1248 884 patre
1291 823 1401 865 suo
1449 798 1615 865 or'nni
1659 813 1963 885 potestate.
2013 820 2195 881 quare
2224 813 2423 866 autem
2455 802 2740 863 dominus

481 906 603 969 5in
651 907 898 969 consilio
939 906 1272 967 adhibuerit
1315 905 1500 967 filium
1548 908 1621 968 de
1650 907 2008 968 haereditate
2037 912 2096 966 et
2126 904 2377 966 nuncios
2407 900 2738 965 honestos?

544 1009 680 1087 quia
739 1008 993 1070 nuncius
1049 1008 1212 1069 audit
1266 1007 1436 1069 illum
1496 1010 1767 1089 spiritum
1826 1020 2135 1081 sanctum,
2206 1008 2305 1087 qui
2363 1015 2593 1069 creatus
2646 1013 2745 1065 est

543 1111 810 1171 omnium
858 1110 1084 1190 primus
1127 1109 1188 1170 in
1233 1128 1519 1191 corpore,
1592 1112 1848 1190 quod-ei
1892 1111 2217 1172 videbatur.
2258 1112 2371 1171 hoc
2414 1128 2556 1187 ergo
2601 1126 2743 1167 cor-

543 1234 676 1295 puS‚
719 1214 782 1274 in
828 1232 946 1291 quo
979 1212 1266 1273 deductus
1296 1222 1386 1273 est
1405 1212 1645 1293 spiritus
1676 1221 1937 1287 sanctuS‚
1980 1213 2215 1275 servivit
2237 1214 2289 1273 ei
2318 1211 2543 1291 spiritui
2578 1220 2745 1271 recte

543 1316 606 1376 in
666 1314 952 1375 modestia
1012 1314 1322 1375 ambulans
1380 1325 1437 1376 et
1481 1323 1640 1376 caste
1684 1334 1876 1394 neque
1921 1316 2170 1377 omnino
2210 1312 2748 1392 maculavit-spiri-

447 1420 530 1484 10
546 1427 674 1480 tum
720 1418 911 1479 illum.
954 1431 1090 1476 cum
1135 1416 1314 1495 igitur
1355 1436 1573 1497 corpus
1616 1417 1735 1477 hoc
1773 1419 2062 1497 paruisset
2091 1418 2255 1478 omni
2283 1427 2551 1496 tempore
2579 1425 2747 1475 recte

548 1530 726 1600 atque
783 1527 942 1580 caste
999 1537 1067 1579 ac
1122 1518 1451 1580 laborasset
1507 1538 1643 1579 cum
1702 1538 1773 1581 eo
1835 1540 1947 1581 nec
2005 1520 2411 1581 succubuisset
2465 1518 2529 1579 in
2574 1516 2743 1577 omni

689 1774 738 1828 1.
775 1776 824 1826 2.
871 1770 1064 1827 deletis
1107 1770 1274 1841 igitur
1306 1773 1544 1844 peccatis
1584 1777 1886 1843 (καθαρίσας
1920 1774 2012 1833 ‘nic
2047 1772 2317 1842 ἁμαρτίας)
2352 1786 2398 1825 c.
2438 1769 2521 1823 ed.
2554 1785 2641 1837 pr.
2677 1786 2747 1834 7.,

549 1856 762 1913 delictis
795 1856 960 1926 igitur
977 1857 1043 1912 D.
1063 1858 1186 1927 Vnt.
1220 1891 1290 1903 --
1325 1862 1375 1913 3.
1405 1860 1570 1929 igitur
1590 1875 1636 1913 c.
1656 1859 1721 1914 D.
1748 1858 1833 1913 ed.
1855 1874 1938 1927 pr.
1963 1858 2096 1922 Cot„
2130 1858 2305 1927 inquit
2319 1858 2443 1913 Vat.
2461 1856 2654 1913 Dresffi.
2676 1886 2747 1897 -

551 1942 824 1999 dominum
869 1956 990 1997 esse
1038 1957 1086 1998 c.
1119 1943 1187 2003 D.
1222 1946 1371 2011 Van,
1419 1960 1543 1999 esse
1580 1944 1852 2009 dominum
1886 1945 1969 1999 ed.
2002 1960 2081 2013 pr.
2120 1962 2165 1998 v.
2187 1974 2191 1978 Δ
2212 1976 2273 1987 -
2344 1948 2391 1997 5.
2424 1949 2481 1997 et
2517 1943 2752 1997 nuncios

549 2029 807 2084 honestos
839 2044 888 2084 c.
921 2028 992 2083 D.
1008 2069 1024 2095 ,
1077 2028 1439 2099 honestosque
1473 2032 1568 2096 B.‚
1618 2031 1873 2086 honestos
1913 2030 2061 2091 Vat..
2116 2035 2171 2084 et
2202 2031 2373 2085 bonos
2406 2029 2629 2097 angelos
2662 2027 2748 2081 ed.

550 2129 634 2181 pr.
670 2132 721 2171 V.
759 2142 824 2155 -·
886 2117 934 2167 6.
953 2114 1000 2169 7.
1037 2130 1118 2183 gr.
1163 2119 1320 2171 ἄκουε
1367 2116 1663 2183 (interpres
1696 2116 1829 2183 legit
1860 2116 2096 2184 ἀκούει)’
2140 2118 2199 2169 τὸ
2238 2124 2446 2184 πνεῦμα
2482 2117 2543 2167 τὸ
2578 2116 2746 2185 προόν

550 2201 614 2253 τὸ
675 2208 858 2252 κτίσαν
910 2208 1085 2254 πᾶσαν
1131 2202 1226 2269 τὴν
1274 2210 1442 2255 κτίσιν
1491 2202 1771 2273 κατῴκισεν
1820 2201 2114 2270 (interpres
2164 2202 2297 2271 legit
2342 2199 2668 2271 κατῴκησεν)
2720 2198 2748 2251 ὃ

551 2286 676 2344 θεὸς
709 2292 780 2343 εἰς
818 2285 980 2355 σάρκα
1017 2286 1077 2353 ἣν
1116 2288 1375 2349 ἐβούλετο.
1415 2316 1475 2327 -
1547 2289 1595 2341 6.
1628 2286 1861 2341 nuncius
1896 2304 1943 2345 c.
1977 2287 2129 2343 codd.
2160 2306 2237 2352 v.‚
2286 2290 2509 2357 angelus
2547 2286 2632 2340 ed.
2668 2302 2749 2355 pr.

552 2396 622 2411 -
657 2368 810 2422 audit
840 2368 993 2423 illum
1028 2368 1276 2437 spiritum
1310 2377 1554 2426 sanctum
1590 2389 1634 2427 c.
1669 2372 1822 2428 codd.
1862 2373 1943 2428 ed.
1976 2389 2054 2441 pr.
2079 2391 2169 2446 ,νη
2216 2374 2365 2427 vadit
2394 2374 2486 2427 ille
2522 2372 2750 2440 spiritus

555 2460 777 2509 sanctus
810 2454 996 2509 Dress.
1033 2456 1104 2513 al.
1141 2484 1206 2497 --
1241 2464 1456 2512 creatus
1492 2476 1535 2514 c.
1562 2458 1629 2515 C.
1664 2458 1729 2513 D.
1765 2459 1890 2514 Vat.
1924 2458 2056 2513 Mss,
2082 2460 2255 2527 Angl„
2295 2458 2508 2513 infusus
2545 2456 2629 2511 ed.
2666 2471 2748 2524 pr.

553 2560 603 2597 v.
637 2573 707 2582 -
777 2543 825 2596 7.
859 2540 1068 2610 primus
1102 2557 1147 2598 c.
1182 2544 1250 2600 D.
1284 2543 1408 2599 Vat.
1445 2545 1527 2599 ed.
1562 2561 1644 2615 pr.
1679 2563 1757 2609 v.‚
1804 2545 1975 2614 primo
2010 2545 2194 2599 Dress
2229 2578 2297 2587 —-
2368 2547 2416 2600 ⁷.
2451 2547 2499 2600 8.
2533 2543 2593 2598 in
2628 2558 2751 2599 cor-

552 2643 684 2696 pore
700 2669 714 2693 ,
768 2626 911 2697 quod
959 2627 1008 2682 ei
1054 2627 1352 2685 videbatur.
1396 2629 1498 2686 hoc
1543 2646 1673 2699 ergo
1717 2646 1911 2699 corpus
1948 2631 2057 2697 (cf..
2076 2633 2183 2699 gr.)
2218 2630 2377 2685 edidi.
2413 2630 2471 2684 in
2504 2644 2747 2698 corpore,

554 2711 696 2781 quod
733 2714 785 2766 ei
822 2713 1120 2770 videbatur.
1155 2714 1255 2769 hoc
1289 2731 1418 2784 ergo
1451 2731 1673 2783 corpus»,
1711 2717 1768 2770 in
1802 2733 1908 2784 quo
1941 2717 2213 2772 habitaret
2248 2718 2411 2782 (leue,
2464 2715 2750 2770 collocavit

553 2799 858 2853 intellectus
906 2798 1112 2852 scilicet
1152 2815 1374 2868 corpore
1421 2801 1565 2869 quod
1610 2801 1661 2854 ei
1694 2801 1977 2856 videbatur
2009 2802 2097 2866 L.‚
2149 2803 2207 2856 in
2242 2817 2489 2870 corpore,
2543 2799 2603 2854 in
2636 2815 2750 2868 quo

553 2885 824 2940 habitaret
871 2885 1032 2949 deuS,
1078 2885 1358 2940 collocavit
1403 2887 1610 2942 scilicet
1652 2887 1986 2950 intellectae,
2041 2886 2185 2954 quod
2230 2887 2281 2940 ei
2308 2885 2607 2941 videbatur.
2641 2885 2748 2939 hoc

553 2985 682 3038 ergo
717 2985 912 3037 corpus
953 2970 1100 3034 vat..
1152 2969 1211 3024 in
1249 2984 1503 3038 corpore,
1556 2971 1615 3026 in
1650 2988 1755 3041 quo
1788 2972 2118 3027 inhabitaret
2146 2971 2307 3039 (leue,
2354 2971 2632 3027 collocavit
2666 2971 2746 3024 in-

553 3055 802 3108 tellectus
840 3069 882 3108 s.
920 3055 983 3122 (i.
1019 3069 1070 3111 e.
1101 3055 1332 3122 scilicet)
1366 3072 1619 3125 corpore,
1656 3057 1800 3125 quod
1836 3056 1886 3110 ei
1920 3057 2213 3111 videbatur.
2248 3056 2352 3112 hoc
2385 3071 2512 3122 ergo
2545 3069 2746 3124 corpus

552 3140 649 3206 D.‚
701 3139 758 3193 in
803 3154 1056 3206 corpore,
1107 3140 1164 3195 in
1209 3157 1315 3209 quo
1348 3141 1624 3197 habitaret
1658 3142 1822 3206 deus,
1875 3142 2179 3204 collocavit,
2230 3141 2503 3197 intellecto
2538 3141 2749 3194 scilicet

552 3239 776 3292 corpore
813 3225 956 3292 quod
991 3225 1042 3279 ei
1072 3225 1370 3282 videbatur.
1405 3227 1506 3280 hoc
1542 3242 1668 3296 ergo
1702 3243 1898 3294 corpus
1940 3227 2075 3284 Vict.
2093 3268 2108 3293 ‚
2160 3227 2217 3281 in
2252 3223 2502 3296 corpore,
2543 3228 2603 3280 in
2638 3241 2745 3294 quo

549 3310 822 3365 habitaret
855 3310 1016 3375 dem,
1052 3312 1333 3368 collocavit
1366 3311 1509 3366 enim
1547 3327 1670 3366 eum
1700 3312 2007 3368 intellectus
2040 3313 2098 3367 in
2133 3327 2383 3382 corpore,
2421 3319 2481 3364 ut
2514 3311 2562 3366 ei
2600 3311 2747 3365 vide-

549 3396 729 3450 batur.
763 3394 865 3449 hoc
899 3410 1028 3463 ergo
1061 3412 1256 3465 corpus
1291 3398 1375 3453 ed.
1409 3414 1492 3467 pr.
1514 3415 1561 3452 v.
1594 3398 1769 3466 primo
1803 3397 1861 3450 in
1894 3396 2134 3467 margine
2169 3397 2365 3468 aliquis
2400 3397 2543 3455 adl.
2564 3397 2616 3449 7.
2655 3396 2745 3463 „in

551 3483 806 3547 corpore“
841 3495 909 3534 ea.
940 3487 1157 3537 notasse
1191 3483 1416 3546 videtur,
1451 3498 1590 3551 quae
1624 3483 1743 3539 cod.
1763 3482 1822 3538 L.
1858 3489 1982 3551 post
2012 3485 2047 3539 l.
2085 3485 2138 3541 ’1.
2178 3489 2259 3538 8.:
2295 3483 2429 3548 „hoc
2466 3497 2591 3550 ergo
2629 3497 2742 3537 cor-

546 3571 686 3633 pus“
722 3565 965 3620 inseruit.
1001 3566 1086 3622 his
1123 3569 1300 3624 verbis
1333 3569 1494 3637 plane
1529 3568 1807 3623 eiiciendis
1840 3569 1939 3623 viri
1974 3569 2117 3624 docti
2152 3569 2245 3624 diu
2276 3569 2481 3646 turbati
2501 3577 2645 3623 sunt.
2674 3596 2739 3608 —-

550 3655 600 3704 8.
646 3651 705 3705 in
741 3666 846 3719 quo
886 3651 1148 3707 deductus
1183 3651 1269 3706 est
1299 3659 1383 3717 (ἐν
1425 3648 1456 3722 Ξ
1491 3657 1779 3725 κατῴκησε)
1816 3673 1862 3712 c.
1898 3655 1967 3708 D.
2006 3654 2144 3710 vict.
2179 3655 2312 3709 MSS.
2347 3656 2534 3724 AngL,
2585 3654 2739 3708 indu-

545 3742 666 3790 ctus
702 3743 786 3790 est
818 3736 959 3803 Vat„
993 3738 1052 3792 in
1085 3739 1228 3806 quod
1261 3738 1514 3794 inductus
1550 3745 1634 3793 est
1669 3739 1754 3796 ed.
1788 3757 1869 3809 pr.
1904 3759 1953 3796 v.
1987 3771 2055 3780 -
2090 3741 2310 3801 servivit
2342 3740 2394 3794 ei
2431 3754 2475 3795 c.
2506 3741 2588 3804 D.‚
2630 3754 2739 3793 ser-

543 3823 624 3876 vis
671 3822 723 3900 ei
759 3822 908 3889 Vat„
963 3824 1180 3880 servivit
1223 3824 1305 3880 illi
1352 3825 1436 3880 ed.
1481 3841 1562 3894 pr.
1598 3843 1648 3882 v.
1706 3855 1769 3866 —-
1844 3829 1923 3882 10.
1972 3827 2135 3896 igitur
2179 3843 2223 3882 c.
2270 3826 2391 3882 Vat.
2441 3823 2524 3878 ed.
2560 3839 2643 3892 pr.
2677 3841 2737 3886 v.,

543 3923 671 3976 ergo
719 3907 784 3960 D.
835 3936 901 3948 -—
958 3909 1062 3965 hoc
1108 3925 1154 3964 c.
1187 3908 1252 3964 D.
1295 3912 1444 3976 Vat„
1497 3909 1635 3964 illud
1686 3910 1885 3980 ed..pr.
1920 3930 1967 3966 v.
2006 3942 2074 3953 —
2148 3914 2230 3969 ¹0.
2269 3914 2353 3965 11.
2395 3918 2543 3965 recte
2578 3915 2737 3978 atque

541 4000 689 4046 caste
724 4009 789 4048 ac
823 4009 870 4049 c.
907 3994 965 4050 C.
1003 3997 1126 4052 Vat.
1167 3994 1306 4048 vict.
1342 3994 1428 4054 ed.
1460 4011 1560 4063 pr„
1594 4003 1741 4051 re‘cte
1776 4005 1939 4067 atque
1976 4004 2127 4054 caste
2162 3998 2241 4052 sic
2258 3997 2325 4049 D.
2341 4036 2356 4062 ‚
2395 4003 2651 4064 recteque
2686 3999 2739 4047 et

537 4084 686 4133 caste
720 4097 765 4135 v.
802 4109 865 4120 -
905 4095 970 4136 eo
1005 4097 1050 4136 c.
1084 4081 1148 4136 D.
1187 4081 1269 4138 ed.
1303 4097 1384 4150 pr.
1423 4099 1500 4148 v.,
1535 4077 1638 4138 om.
1677 4085 1801 4140 Vat.
1840 4112 1901 4122 —
