<?xml version="1.0" encoding="UTF-8"?>
<!DOCTYPE html PUBLIC "-//W3C//DTD XHTML 1.0 Transitional//EN"
    "http://www.w3.org/TR/xhtml1/DTD/xhtml1-transitional.dtd">
<html xmlns="http://www.w3.org/1999/xhtml" xml:lang="en" lang="en">
 <head>
  <title>
</title>
<meta http-equiv="Content-Type" content="text/html;charset=utf-8" />
  <meta name='ocr-system' content='tesseract 3.04.00' />
  <meta name='ocr-capabilities' content='ocr_page ocr_carea ocr_par ocr_line ocrx_word'/>
</head>
<body>
  <div class='ocr_page' id='page_1' title='image "./hermaepastorvet01hermgoog_0041.png"; bbox 0 0 3003 5080; ppageno 0'>
   <div class='ocr_carea' id='block_1_1' title="bbox 123 0 3003 378">
    <p class='ocr_par' dir='ltr' id='par_1_1' title="bbox 123 0 3003 378">
     <span class='ocr_line' id='line_1_1' title="bbox 123 0 3003 378; baseline 0 4702"><span class='ocrx_word' id='word_1_1' title='bbox 123 0 3003 378; x_wconf 95' lang='lat' dir='ltr'><strong> </strong></span> 
     </span>
    </p>
   </div>
   <div class='ocr_carea' id='block_1_2' title="bbox 1113 407 2430 492">
    <p class='ocr_par' dir='ltr' id='par_1_2' title="bbox 1113 407 2430 492">
     <span class='ocr_line' id='line_1_2' title="bbox 1113 407 2430 492; baseline 0.01 -30"><span class='ocrx_word' id='word_1_2' title='bbox 1113 407 1228 465; x_wconf 85' lang='lat' dir='ltr'><strong>Vis.</strong></span> <span class='ocrx_word' id='word_1_3' title='bbox 1264 407 1357 474; x_wconf 87' lang='lat'>111,</span> <span class='ocrx_word' id='word_1_4' title='bbox 1394 411 1441 464; x_wconf 77' lang='lat'><strong>7.</strong></span> <span class='ocrx_word' id='word_1_5' title='bbox 1479 410 1531 461; x_wconf 90' lang='grc'><strong>8.</strong></span> <span class='ocrx_word' id='word_1_6' title='bbox 2069 485 2077 492; x_wconf 82' lang='lat'><strong>.</strong></span> <span class='ocrx_word' id='word_1_7' title='bbox 2348 409 2430 474; x_wconf 76' lang='lat'><strong>23</strong></span> 
     </span>
    </p>
   </div>
   <div class='ocr_carea' id='block_1_3' title="bbox 234 580 2523 1481">
    <p class='ocr_par' dir='ltr' id='par_1_3' title="bbox 235 580 2523 1280">
     <span class='ocr_line' id='line_1_3' title="bbox 244 580 2425 662; baseline -0.001 -18"><span class='ocrx_word' id='word_1_8' title='bbox 244 581 394 644; x_wconf 85' lang='lat' dir='ltr'><strong>turri</strong></span> <span class='ocrx_word' id='word_1_9' title='bbox 461 600 583 642; x_wconf 90' lang='lat' dir='ltr'><strong>non</strong></span> <span class='ocrx_word' id='word_1_10' title='bbox 642 588 892 661; x_wconf 84' lang='lat' dir='ltr'><strong>possunt</strong></span> <span class='ocrx_word' id='word_1_11' title='bbox 935 581 1271 642; x_wconf 89' lang='lat' dir='ltr'><strong>convenire.</strong></span> <span class='ocrx_word' id='word_1_12' title='bbox 1318 580 1430 644; x_wconf 84' lang='lat' dir='ltr'><strong>alio</strong></span> <span class='ocrx_word' id='word_1_13' title='bbox 1477 589 1672 642; x_wconf 87' lang='lat' dir='ltr'><strong>autem</strong></span> <span class='ocrx_word' id='word_1_14' title='bbox 1716 581 1851 642; x_wconf 88' lang='lat' dir='ltr'><strong>loco</strong></span> <span class='ocrx_word' id='word_1_15' title='bbox 1894 590 2195 662; x_wconf 88' lang='lat' dir='ltr'><strong>ponentur</strong></span> <span class='ocrx_word' id='word_1_16' title='bbox 2238 583 2425 643; x_wconf 86' lang='lat' dir='ltr'><strong>multo</strong></span> 
     </span>
     <span class='ocr_line' id='line_1_4' title="bbox 239 682 2426 764; baseline -0.002 -18"><span class='ocrx_word' id='word_1_17' title='bbox 239 684 558 764; x_wconf 87' lang='lat' dir='ltr'><strong>inferiore,</strong></span> <span class='ocrx_word' id='word_1_18' title='bbox 637 691 698 744; x_wconf 86' lang='lat' dir='ltr'><strong>et</strong></span> <span class='ocrx_word' id='word_1_19' title='bbox 736 684 852 743; x_wconf 89' lang='lat' dir='ltr'><strong>hoc</strong></span> <span class='ocrx_word' id='word_1_20' title='bbox 895 701 1030 744; x_wconf 88' lang='lat' dir='ltr'><strong>cum</strong></span> <span class='ocrx_word' id='word_1_21' title='bbox 1077 683 1318 744; x_wconf 89' lang='lat' dir='ltr'><strong>cruciati</strong></span> <span class='ocrx_word' id='word_1_22' title='bbox 1360 682 1584 744; x_wconf 82' lang='lat' dir='ltr'><strong>fuerint</strong></span> <span class='ocrx_word' id='word_1_23' title='bbox 1622 691 1679 746; x_wconf 89' lang='lat' dir='ltr'><strong>et</strong></span> <span class='ocrx_word' id='word_1_24' title='bbox 1720 684 2079 764; x_wconf 80' lang='lat' dir='ltr'>repleverint</span> <span class='ocrx_word' id='word_1_25' title='bbox 2118 683 2241 746; x_wconf 85' lang='lat' dir='ltr'><strong>dies</strong></span> <span class='ocrx_word' id='word_1_26' title='bbox 2289 704 2426 764; x_wconf 54' lang='lat' dir='ltr'><strong>pec,</strong></span> 
     </span>
     <span class='ocr_line' id='line_1_5' title="bbox 239 785 2425 868; baseline -0.001 -18"><span class='ocrx_word' id='word_1_27' title='bbox 239 796 508 850; x_wconf 82' lang='lat' dir='ltr'><strong>catorum</strong></span> <span class='ocrx_word' id='word_1_28' title='bbox 565 803 834 848; x_wconf 89' lang='lat' dir='ltr'><strong>suorum.</strong></span> <span class='ocrx_word' id='word_1_29' title='bbox 879 793 938 848; x_wconf 89' lang='lat' dir='ltr'><strong>et</strong></span> <span class='ocrx_word' id='word_1_30' title='bbox 979 795 1225 865; x_wconf 87' lang='lat' dir='ltr'><strong>propter</strong></span> <span class='ocrx_word' id='word_1_31' title='bbox 1267 786 1382 848; x_wconf 88' lang='lat' dir='ltr'><strong>hoc</strong></span> <span class='ocrx_word' id='word_1_32' title='bbox 1421 785 1889 868; x_wconf 80' lang='lat' dir='ltr'><strong>transferentur,</strong></span> <span class='ocrx_word' id='word_1_33' title='bbox 1965 786 2244 867; x_wconf 86' lang='lat' dir='ltr'><strong>quoniam</strong></span> <span class='ocrx_word' id='word_1_34' title='bbox 2291 807 2425 868; x_wconf 70' lang='lat' dir='ltr'><strong>per-</strong></span> 
     </span>
     <span class='ocr_line' id='line_1_6' title="bbox 239 887 2425 970; baseline 0 -18"><span class='ocrx_word' id='word_1_35' title='bbox 239 898 532 970; x_wconf 86' lang='lat' dir='ltr'><strong>ceperunt</strong></span> <span class='ocrx_word' id='word_1_36' title='bbox 590 889 837 950; x_wconf 86' lang='lat' dir='ltr'><strong>verbum</strong></span> <span class='ocrx_word' id='word_1_37' title='bbox 897 887 1136 949; x_wconf 87' lang='lat' dir='ltr'><strong>iustum.</strong></span> <span class='ocrx_word' id='word_1_38' title='bbox 1195 895 1256 949; x_wconf 87' lang='lat' dir='ltr'><strong>et</strong></span> <span class='ocrx_word' id='word_1_39' title='bbox 1310 896 1456 948; x_wconf 89' lang='lat' dir='ltr'><strong>tunc</strong></span> <span class='ocrx_word' id='word_1_40' title='bbox 1497 887 1613 950; x_wconf 88' lang='lat' dir='ltr'><strong>illis</strong></span> <span class='ocrx_word' id='word_1_41' title='bbox 1656 890 1961 969; x_wconf 85' lang='lat' dir='ltr'><strong>continget</strong></span> <span class='ocrx_word' id='word_1_42' title='bbox 2000 889 2309 951; x_wconf 82' lang='lat' dir='ltr'><strong>transferri</strong></span> <span class='ocrx_word' id='word_1_43' title='bbox 2352 891 2425 952; x_wconf 88' lang='lat' dir='ltr'><strong>de</strong></span> 
     </span>
     <span class='ocr_line' id='line_1_7' title="bbox 239 988 2523 1072; baseline 0 -18"><span class='ocrx_word' id='word_1_44' title='bbox 239 1011 467 1072; x_wconf 80' lang='lat' dir='ltr'><strong>poena,</strong></span> <span class='ocrx_word' id='word_1_45' title='bbox 523 993 573 1054; x_wconf 88' lang='lat' dir='ltr'><strong>si</strong></span> <span class='ocrx_word' id='word_1_46' title='bbox 627 989 1004 1054; x_wconf 82' lang='lat' dir='ltr'><strong>ascenderint</strong></span> <span class='ocrx_word' id='word_1_47' title='bbox 1045 989 1108 1050; x_wconf 90' lang='lat' dir='ltr'><strong>in</strong></span> <span class='ocrx_word' id='word_1_48' title='bbox 1153 1007 1258 1051; x_wconf 87' lang='lat' dir='ltr'><strong>cor</strong></span> <span class='ocrx_word' id='word_1_49' title='bbox 1297 988 1563 1070; x_wconf 87' lang='lat' dir='ltr'><strong>ipsorum</strong></span> <span class='ocrx_word' id='word_1_50' title='bbox 1608 1009 1787 1070; x_wconf 87' lang='lat' dir='ltr'><strong>opera</strong></span> <span class='ocrx_word' id='word_1_51' title='bbox 1822 1010 1972 1070; x_wconf 89' lang='lat' dir='ltr'><strong>quae</strong></span> <span class='ocrx_word' id='word_1_52' title='bbox 2018 992 2243 1072; x_wconf 87' lang='lat' dir='ltr'><strong>operati</strong></span> <span class='ocrx_word' id='word_1_53' title='bbox 2282 1001 2426 1054; x_wconf 87' lang='lat' dir='ltr'><strong>sunt</strong></span> <span class='ocrx_word' id='word_1_54' title='bbox 2470 1006 2523 1068; x_wconf 86' lang='lat'><strong>-5</strong></span> 
     </span>
     <span class='ocr_line' id='line_1_8' title="bbox 237 1091 2424 1174; baseline 0 -19"><span class='ocrx_word' id='word_1_55' title='bbox 237 1095 508 1156; x_wconf 85' lang='lat' dir='ltr'><strong>scelesta.</strong></span> <span class='ocrx_word' id='word_1_56' title='bbox 564 1093 723 1174; x_wconf 89' lang='lat' dir='ltr'><strong>quod</strong></span> <span class='ocrx_word' id='word_1_57' title='bbox 779 1092 830 1154; x_wconf 85' lang='lat' dir='ltr'><strong>si</strong></span> <span class='ocrx_word' id='word_1_58' title='bbox 871 1111 993 1153; x_wconf 90' lang='lat' dir='ltr'><strong>non</strong></span> <span class='ocrx_word' id='word_1_59' title='bbox 1037 1091 1369 1154; x_wconf 83' lang='lat' dir='ltr'><strong>ascenderit</strong></span> <span class='ocrx_word' id='word_1_60' title='bbox 1409 1092 1470 1153; x_wconf 89' lang='lat' dir='ltr'><strong>in</strong></span> <span class='ocrx_word' id='word_1_61' title='bbox 1518 1111 1623 1154; x_wconf 84' lang='lat' dir='ltr'><strong>cor</strong></span> <span class='ocrx_word' id='word_1_62' title='bbox 1664 1092 1933 1173; x_wconf 88' lang='lat' dir='ltr'><strong>ipsorum</strong></span> <span class='ocrx_word' id='word_1_63' title='bbox 1980 1095 2424 1174; x_wconf 83' lang='lat' dir='ltr'><strong>[poenitentiam</strong></span> 
     </span>
     <span class='ocr_line' id='line_1_9' title="bbox 235 1193 2090 1280; baseline 0 -22"><span class='ocrx_word' id='word_1_64' title='bbox 235 1193 474 1280; x_wconf 82' lang='lat' dir='ltr'><strong>agere],</strong></span> <span class='ocrx_word' id='word_1_65' title='bbox 519 1215 642 1258; x_wconf 87' lang='lat' dir='ltr'><strong>non</strong></span> <span class='ocrx_word' id='word_1_66' title='bbox 690 1203 868 1256; x_wconf 85' lang='lat' dir='ltr'><strong>erunt</strong></span> <span class='ocrx_word' id='word_1_67' title='bbox 907 1194 1047 1256; x_wconf 87' lang='lat' dir='ltr'><strong>salvi</strong></span> <span class='ocrx_word' id='word_1_68' title='bbox 1090 1204 1333 1274; x_wconf 86' lang='lat' dir='ltr'><strong>propter</strong></span> <span class='ocrx_word' id='word_1_69' title='bbox 1377 1193 1647 1256; x_wconf 84' lang='lat' dir='ltr'><strong>duritiam</strong></span> <span class='ocrx_word' id='word_1_70' title='bbox 1694 1194 1891 1256; x_wconf 87' lang='lat' dir='ltr'><strong>cordis</strong></span> <span class='ocrx_word' id='word_1_71' title='bbox 1933 1196 2090 1258; x_wconf 88' lang='lat' dir='ltr'><strong>sui“.</strong></span> 
     </span>
    </p>

    <p class='ocr_par' dir='ltr' id='par_1_4' title="bbox 234 1296 2424 1481">
     <span class='ocr_line' id='line_1_10' title="bbox 437 1296 2424 1376; baseline 0.001 -16"><span class='ocrx_word' id='word_1_72' title='bbox 437 1299 629 1361; x_wconf 75' lang='lat' dir='ltr'><strong>⁸Cum</strong></span> <span class='ocrx_word' id='word_1_73' title='bbox 687 1315 828 1376; x_wconf 86' lang='lat' dir='ltr'><strong>ergo</strong></span> <span class='ocrx_word' id='word_1_74' title='bbox 888 1296 1077 1358; x_wconf 86' lang='lat' dir='ltr'><strong>desini</strong></span> <span class='ocrx_word' id='word_1_75' title='bbox 1134 1296 1559 1376; x_wconf 82' lang='lat' dir='ltr'><strong>interrogando</strong></span> <span class='ocrx_word' id='word_1_76' title='bbox 1619 1297 1781 1359; x_wconf 88' lang='lat' dir='ltr'><strong>illam</strong></span> <span class='ocrx_word' id='word_1_77' title='bbox 1844 1298 1915 1359; x_wconf 91' lang='lat' dir='ltr'><strong>de</strong></span> <span class='ocrx_word' id='word_1_78' title='bbox 1960 1299 2238 1361; x_wconf 87' lang='lat' dir='ltr'><strong>omnibus</strong></span> <span class='ocrx_word' id='word_1_79' title='bbox 2280 1301 2424 1375; x_wconf 73' lang='lat' dir='ltr'><strong>istis,</strong></span> 
     </span>
     <span class='ocr_line' id='line_1_11' title="bbox 234 1397 2421 1481; baseline 0 -18"><span class='ocrx_word' id='word_1_80' title='bbox 234 1402 319 1464; x_wconf 85' lang='lat' dir='ltr'><strong>ait</strong></span> <span class='ocrx_word' id='word_1_81' title='bbox 377 1401 556 1462; x_wconf 84' lang='lat' dir='ltr'><strong>mihi:</strong></span> <span class='ocrx_word' id='word_1_82' title='bbox 633 1399 770 1476; x_wconf 91' lang='lat' dir='ltr'><strong>„Vis</strong></span> <span class='ocrx_word' id='word_1_83' title='bbox 813 1399 968 1460; x_wconf 87' lang='lat' dir='ltr'><strong>aliud</strong></span> <span class='ocrx_word' id='word_1_84' title='bbox 1013 1398 1209 1460; x_wconf 81' lang='lat' dir='ltr'><strong>videre</strong></span> <span class='ocrx_word' id='word_1_85' title='bbox 1254 1397 1567 1479; x_wconf 75' lang='lat' dir='ltr'><strong>aliquid“?</strong></span> <span class='ocrx_word' id='word_1_86' title='bbox 1639 1417 1896 1478; x_wconf 89' lang='lat' dir='ltr'><strong>cumque</strong></span> <span class='ocrx_word' id='word_1_87' title='bbox 1940 1401 2189 1481; x_wconf 86' lang='lat' dir='ltr'><strong>cupidus</strong></span> <span class='ocrx_word' id='word_1_88' title='bbox 2233 1421 2421 1464; x_wconf 84' lang='lat' dir='ltr'><strong>essem</strong></span> 
     </span>
    </p>
   </div>
   <div class='ocr_carea' id='block_1_4' title="bbox 231 1483 2534 1582">
    <p class='ocr_par' dir='ltr' id='par_1_5' title="bbox 231 1483 2534 1582">
     <span class='ocr_line' id='line_1_12' title="bbox 231 1483 2534 1582; baseline 0.001 -18"><span class='ocrx_word' id='word_1_89' title='bbox 231 1504 313 1566; x_wconf 87' lang='lat' dir='ltr'><strong>ad</strong></span> <span class='ocrx_word' id='word_1_90' title='bbox 385 1503 734 1575; x_wconf 86' lang='lat' dir='ltr'><strong>videndum,</strong></span> <span class='ocrx_word' id='word_1_91' title='bbox 806 1501 1006 1563; x_wconf 85' lang='lat' dir='ltr'><strong>hilaris</strong></span> <span class='ocrx_word' id='word_1_92' title='bbox 1065 1501 1255 1562; x_wconf 84' lang='lat' dir='ltr'><strong>factus</strong></span> <span class='ocrx_word' id='word_1_93' title='bbox 1312 1520 1448 1563; x_wconf 90' lang='lat' dir='ltr'><strong>sum</strong></span> <span class='ocrx_word' id='word_1_94' title='bbox 1507 1501 1696 1564; x_wconf 84' lang='lat' dir='ltr'><strong>vultu.</strong></span> <span class='ocrx_word' id='word_1_95' title='bbox 1754 1503 2077 1582; x_wconf 85' lang='lat' dir='ltr'><strong>respiciens</strong></span> <span class='ocrx_word' id='word_1_96' title='bbox 2130 1523 2225 1566; x_wconf 90' lang='lat' dir='ltr'><strong>me</strong></span> <span class='ocrx_word' id='word_1_97' title='bbox 2280 1504 2422 1566; x_wconf 90' lang='lat' dir='ltr'><strong>sub·</strong></span> <span class='ocrx_word' id='word_1_98' title='bbox 2444 1483 2534 1582; x_wconf 68' lang='lat' dir='ltr'><strong>w.</strong></span> 
     </span>
    </p>
   </div>
   <div class='ocr_carea' id='block_1_5' title="bbox 229 1602 2521 2197">
    <p class='ocr_par' dir='ltr' id='par_1_6' title="bbox 229 1602 2521 2197">
     <span class='ocr_line' id='line_1_13' title="bbox 232 1602 2423 1684; baseline 0 -17"><span class='ocrx_word' id='word_1_99' title='bbox 232 1607 365 1668; x_wconf 88' lang='lat' dir='ltr'><strong>risit</strong></span> <span class='ocrx_word' id='word_1_100' title='bbox 434 1616 494 1666; x_wconf 91' lang='lat' dir='ltr'><strong>et</strong></span> <span class='ocrx_word' id='word_1_101' title='bbox 565 1605 646 1668; x_wconf 85' lang='lat' dir='ltr'><strong>ait</strong></span> <span class='ocrx_word' id='word_1_102' title='bbox 719 1602 894 1667; x_wconf 82' lang='lat' dir='ltr'><strong>mihi:</strong></span> <span class='ocrx_word' id='word_1_103' title='bbox 971 1603 1184 1680; x_wconf 87' lang='lat' dir='ltr'><strong>„Vides</strong></span> <span class='ocrx_word' id='word_1_104' title='bbox 1253 1612 1474 1684; x_wconf 84' lang='lat' dir='ltr'><strong>septem</strong></span> <span class='ocrx_word' id='word_1_105' title='bbox 1545 1604 1823 1668; x_wconf 85' lang='lat' dir='ltr'><strong>mulieres</strong></span> <span class='ocrx_word' id='word_1_106' title='bbox 1896 1605 2047 1668; x_wconf 86' lang='lat' dir='ltr'><strong>circa</strong></span> <span class='ocrx_word' id='word_1_107' title='bbox 2118 1606 2372 1668; x_wconf 84' lang='lat' dir='ltr'><strong>turrim“</strong></span> <span class='ocrx_word' id='word_1_108' title='bbox 2391 1605 2423 1667; x_wconf 75' lang='grc'><strong>7</strong></span> 
     </span>
     <span class='ocr_line' id='line_1_14' title="bbox 234 1705 2423 1790; baseline 0.001 -22"><span class='ocrx_word' id='word_1_109' title='bbox 234 1708 540 1790; x_wconf 85' lang='lat' dir='ltr'><strong>„Video“,</strong></span> <span class='ocrx_word' id='word_1_110' title='bbox 611 1705 890 1786; x_wconf 84' lang='lat' dir='ltr'><strong>inquam,</strong></span> <span class='ocrx_word' id='word_1_111' title='bbox 961 1705 1306 1781; x_wconf 83' lang='lat' dir='ltr'><strong>„domina“.</strong></span> <span class='ocrx_word' id='word_1_112' title='bbox 1410 1707 1659 1782; x_wconf 88' lang='lat' dir='ltr'><strong>„Turris</strong></span> <span class='ocrx_word' id='word_1_113' title='bbox 1717 1709 1863 1769; x_wconf 85' lang='lat' dir='ltr'><strong>haec</strong></span> <span class='ocrx_word' id='word_1_114' title='bbox 1920 1708 1995 1770; x_wconf 89' lang='lat' dir='ltr'><strong>ab</strong></span> <span class='ocrx_word' id='word_1_115' title='bbox 2040 1708 2127 1770; x_wconf 87' lang='lat' dir='ltr'><strong>his</strong></span> <span class='ocrx_word' id='word_1_116' title='bbox 2170 1728 2423 1790; x_wconf 84' lang='lat' dir='ltr'><strong>suppor-</strong></span> 
     </span>
     <span class='ocr_line' id='line_1_15' title="bbox 231 1809 2422 1888; baseline -0 -15"><span class='ocrx_word' id='word_1_117' title='bbox 231 1820 396 1874; x_wconf 85' lang='lat' dir='ltr'><strong>tatur</strong></span> <span class='ocrx_word' id='word_1_118' title='bbox 467 1809 795 1872; x_wconf 87' lang='lat' dir='ltr'><strong>secundum</strong></span> <span class='ocrx_word' id='word_1_119' title='bbox 867 1816 1250 1888; x_wconf 85' lang='lat' dir='ltr'><strong>praeceptum</strong></span> <span class='ocrx_word' id='word_1_120' title='bbox 1311 1809 1555 1871; x_wconf 89' lang='lat' dir='ltr'><strong>domini.</strong></span> <span class='ocrx_word' id='word_1_121' title='bbox 1611 1809 1748 1872; x_wconf 83' lang='lat' dir='ltr'><strong>audi</strong></span> <span class='ocrx_word' id='word_1_122' title='bbox 1803 1829 1967 1872; x_wconf 89' lang='lat' dir='ltr'><strong>nunc</strong></span> <span class='ocrx_word' id='word_1_123' title='bbox 2025 1811 2267 1872; x_wconf 79' lang='lat' dir='ltr'><strong>effectus</strong></span> <span class='ocrx_word' id='word_1_124' title='bbox 2324 1831 2422 1872; x_wconf 88' lang='lat' dir='ltr'><strong>ea-</strong></span> 
     </span>
     <span class='ocr_line' id='line_1_16' title="bbox 229 1911 2422 1996; baseline 0 -21"><span class='ocrx_word' id='word_1_125' title='bbox 229 1932 392 1996; x_wconf 65' lang='lat' dir='ltr'><strong>runi.</strong></span> <span class='ocrx_word' id='word_1_126' title='bbox 479 1911 668 1992; x_wconf 87' lang='lat' dir='ltr'><strong>prima</strong></span> <span class='ocrx_word' id='word_1_127' title='bbox 739 1911 978 1991; x_wconf 90' lang='lat' dir='ltr'><strong>quidem</strong></span> <span class='ocrx_word' id='word_1_128' title='bbox 1063 1929 1304 1992; x_wconf 87' lang='lat' dir='ltr'><strong>earum,</strong></span> <span class='ocrx_word' id='word_1_129' title='bbox 1391 1930 1545 1990; x_wconf 88' lang='lat' dir='ltr'><strong>quae</strong></span> <span class='ocrx_word' id='word_1_130' title='bbox 1614 1912 1879 1976; x_wconf 86' lang='lat' dir='ltr'><strong>continet</strong></span> <span class='ocrx_word' id='word_1_131' title='bbox 1950 1932 2169 1988; x_wconf 84' lang='lat' dir='ltr'><strong>manu,</strong></span> <span class='ocrx_word' id='word_1_132' title='bbox 2250 1913 2422 1976; x_wconf 85' lang='lat' dir='ltr'><strong>Fides</strong></span> 
     </span>
     <span class='ocr_line' id='line_1_17' title="bbox 233 2012 2521 2096; baseline 0.001 -20"><span class='ocrx_word' id='word_1_133' title='bbox 233 2025 502 2076; x_wconf 87' lang='lat' dir='ltr'><strong>vocatur.</strong></span> <span class='ocrx_word' id='word_1_134' title='bbox 558 2033 664 2094; x_wconf 90' lang='lat' dir='ltr'><strong>per</strong></span> <span class='ocrx_word' id='word_1_135' title='bbox 717 2014 873 2078; x_wconf 86' lang='lat' dir='ltr'><strong>hanc</strong></span> <span class='ocrx_word' id='word_1_136' title='bbox 914 2012 1057 2074; x_wconf 86' lang='lat' dir='ltr'><strong>salvi</strong></span> <span class='ocrx_word' id='word_1_137' title='bbox 1101 2013 1248 2074; x_wconf 85' lang='lat' dir='ltr'><strong>fient</strong></span> <span class='ocrx_word' id='word_1_138' title='bbox 1301 2013 1470 2075; x_wconf 89' lang='lat' dir='ltr'><strong>electi</strong></span> <span class='ocrx_word' id='word_1_139' title='bbox 1528 2013 1639 2075; x_wconf 89' lang='lat' dir='ltr'><strong>dei.</strong></span> <span class='ocrx_word' id='word_1_140' title='bbox 1696 2015 1809 2076; x_wconf 83' lang='lat' dir='ltr'><strong>alia</strong></span> <span class='ocrx_word' id='word_1_141' title='bbox 1853 2034 2026 2089; x_wconf 80' lang='lat' dir='ltr'><strong>vere,</strong></span> <span class='ocrx_word' id='word_1_142' title='bbox 2096 2035 2246 2095; x_wconf 74' lang='lat' dir='ltr'><strong>qnae</strong></span> <span class='ocrx_word' id='word_1_143' title='bbox 2286 2035 2521 2096; x_wconf 59' lang='lat' dir='ltr'><strong>suc-15</strong></span> 
     </span>
     <span class='ocr_line' id='line_1_18' title="bbox 229 2114 2421 2197; baseline 0.001 -19"><span class='ocrx_word' id='word_1_144' title='bbox 229 2118 431 2179; x_wconf 86' lang='lat' dir='ltr'><strong>cincta</strong></span> <span class='ocrx_word' id='word_1_145' title='bbox 489 2127 579 2178; x_wconf 88' lang='lat' dir='ltr'><strong>est</strong></span> <span class='ocrx_word' id='word_1_146' title='bbox 630 2124 688 2178; x_wconf 89' lang='lat' dir='ltr'><strong>et</strong></span> <span class='ocrx_word' id='word_1_147' title='bbox 741 2115 982 2180; x_wconf 86' lang='lat' dir='ltr'><strong>viriliter</strong></span> <span class='ocrx_word' id='word_1_148' title='bbox 1035 2114 1186 2197; x_wconf 84' lang='lat' dir='ltr'><strong>agit,</strong></span> <span class='ocrx_word' id='word_1_149' title='bbox 1263 2115 1641 2178; x_wconf 82' lang='lat' dir='ltr'><strong>Continentia</strong></span> <span class='ocrx_word' id='word_1_150' title='bbox 1684 2127 1949 2180; x_wconf 85' lang='lat' dir='ltr'><strong>vocatur.</strong></span> <span class='ocrx_word' id='word_1_151' title='bbox 1990 2119 2136 2180; x_wconf 83' lang='lat' dir='ltr'><strong>haee</strong></span> <span class='ocrx_word' id='word_1_152' title='bbox 2174 2127 2263 2180; x_wconf 86' lang='lat' dir='ltr'><strong>est</strong></span> <span class='ocrx_word' id='word_1_153' title='bbox 2304 2120 2421 2181; x_wconf 82' lang='lat' dir='ltr'><strong>filia</strong></span> 
     </span>
    </p>
   </div>
   <div class='ocr_carea' id='block_1_6' title="bbox 229 2237 646 2254">
    <p class='ocr_par' dir='ltr' id='par_1_7' title="bbox 229 2237 646 2254">
     <span class='ocr_line' id='line_1_19' title="bbox 229 2237 646 2254; baseline 0 2826"><span class='ocrx_word' id='word_1_154' title='bbox 229 2237 646 2254; x_wconf 95' lang='lat' dir='ltr'><strong> </strong></span> 
     </span>
    </p>
   </div>
   <div class='ocr_carea' id='block_1_7' title="bbox 228 2281 2502 4233">
    <p class='ocr_par' dir='ltr' id='par_1_8' title="bbox 228 2281 2502 4233">
     <span class='ocr_line' id='line_1_20' title="bbox 233 2281 2421 2354; baseline 0.001 -14"><span class='ocrx_word' id='word_1_155' title='bbox 233 2292 292 2340; x_wconf 89' lang='lat' dir='ltr'><strong>et</strong></span> <span class='ocrx_word' id='word_1_156' title='bbox 365 2284 412 2339; x_wconf 89' lang='lat' dir='ltr'><strong>si</strong></span> <span class='ocrx_word' id='word_1_157' title='bbox 481 2284 758 2340; x_wconf 77' lang='lat' dir='ltr'><strong>habebunt</strong></span> <span class='ocrx_word' id='word_1_158' title='bbox 816 2283 996 2337; x_wconf 89' lang='lat' dir='ltr'><strong>locum</strong></span> <span class='ocrx_word' id='word_1_159' title='bbox 1063 2281 1120 2336; x_wconf 87' lang='lat' dir='ltr'><strong>in</strong></span> <span class='ocrx_word' id='word_1_160' title='bbox 1188 2281 1326 2336; x_wconf 87' lang='lat' dir='ltr'><strong>turri</strong></span> <span class='ocrx_word' id='word_1_161' title='bbox 1389 2281 1493 2338; x_wconf 86' lang='lat' dir='ltr'><strong>hac</strong></span> <span class='ocrx_word' id='word_1_162' title='bbox 1550 2283 1637 2341; x_wconf 89' lang='lat' dir='ltr'><strong>ed.</strong></span> <span class='ocrx_word' id='word_1_163' title='bbox 1694 2301 1775 2354; x_wconf 86' lang='lat' dir='ltr'><strong>pr.</strong></span> <span class='ocrx_word' id='word_1_164' title='bbox 1789 2326 1804 2352; x_wconf 93' lang='lat'>‚</span> <span class='ocrx_word' id='word_1_165' title='bbox 1874 2291 1929 2340; x_wconf 84' lang='lat' dir='ltr'><strong>et</strong></span> <span class='ocrx_word' id='word_1_166' title='bbox 2002 2285 2277 2345; x_wconf 80' lang='lat' dir='ltr'><strong>habebunt</strong></span> <span class='ocrx_word' id='word_1_167' title='bbox 2342 2288 2421 2342; x_wconf 84' lang='lat' dir='ltr'><strong>lo·</strong></span> 
     </span>
     <span class='ocr_line' id='line_1_21' title="bbox 230 2365 2420 2440; baseline 0.002 -16"><span class='ocrx_word' id='word_1_168' title='bbox 230 2387 361 2426; x_wconf 83' lang='lat' dir='ltr'><strong>eum</strong></span> <span class='ocrx_word' id='word_1_169' title='bbox 415 2369 472 2424; x_wconf 89' lang='lat' dir='ltr'><strong>in</strong></span> <span class='ocrx_word' id='word_1_170' title='bbox 525 2376 676 2424; x_wconf 86' lang='lat' dir='ltr'><strong>turre</strong></span> <span class='ocrx_word' id='word_1_171' title='bbox 729 2365 833 2422; x_wconf 74' lang='lat' dir='ltr'><strong>hac</strong></span> <span class='ocrx_word' id='word_1_172' title='bbox 883 2383 931 2422; x_wconf 81' lang='lat' dir='ltr'><strong>v.</strong></span> <span class='ocrx_word' id='word_1_173' title='bbox 987 2397 1054 2408; x_wconf 88' lang='lat'><strong>-—</strong></span> <span class='ocrx_word' id='word_1_174' title='bbox 1124 2367 1300 2436; x_wconf 87' lang='lat' dir='ltr'><strong>inquit</strong></span> <span class='ocrx_word' id='word_1_175' title='bbox 1352 2384 1396 2424; x_wconf 90' lang='lat' dir='ltr'><strong>c.</strong></span> <span class='ocrx_word' id='word_1_176' title='bbox 1441 2367 1563 2423; x_wconf 81' lang='lat' dir='ltr'><strong>Vat.</strong></span> <span class='ocrx_word' id='word_1_177' title='bbox 1614 2369 1697 2425; x_wconf 88' lang='lat' dir='ltr'><strong>ed.</strong></span> <span class='ocrx_word' id='word_1_178' title='bbox 1743 2385 1822 2438; x_wconf 85' lang='lat' dir='ltr'><strong>pr.</strong></span> <span class='ocrx_word' id='word_1_179' title='bbox 1870 2387 1917 2426; x_wconf 85' lang='lat' dir='ltr'><strong>v.</strong></span> <span class='ocrx_word' id='word_1_180' title='bbox 1933 2410 1948 2436; x_wconf 91' lang='lat'><strong>,</strong></span> <span class='ocrx_word' id='word_1_181' title='bbox 2017 2371 2182 2440; x_wconf 80' lang='lat' dir='ltr'><strong>igitur</strong></span> <span class='ocrx_word' id='word_1_182' title='bbox 2228 2372 2297 2430; x_wconf 91' lang='lat' dir='ltr'><strong>D.</strong></span> <span class='ocrx_word' id='word_1_183' title='bbox 2352 2401 2420 2412; x_wconf 90' lang='lat'>-</span> 
     </span>
     <span class='ocr_line' id='line_1_22' title="bbox 234 2453 2430 2526; baseline 0 -14"><span class='ocrx_word' id='word_1_184' title='bbox 234 2465 282 2514; x_wconf 89' lang='lat'><strong>1.</strong></span> <span class='ocrx_word' id='word_1_185' title='bbox 343 2457 481 2511; x_wconf 79' lang='lat' dir='ltr'><strong>turri</strong></span> <span class='ocrx_word' id='word_1_186' title='bbox 530 2469 586 2510; x_wconf 81' lang='lat' dir='ltr'><strong>c.</strong></span> <span class='ocrx_word' id='word_1_187' title='bbox 631 2454 701 2510; x_wconf 90' lang='lat' dir='ltr'><strong>D.</strong></span> <span class='ocrx_word' id='word_1_188' title='bbox 749 2455 875 2509; x_wconf 82' lang='lat' dir='ltr'><strong>Vat.</strong></span> <span class='ocrx_word' id='word_1_189' title='bbox 933 2453 1017 2508; x_wconf 89' lang='lat' dir='ltr'><strong>ed.</strong></span> <span class='ocrx_word' id='word_1_190' title='bbox 1076 2468 1187 2520; x_wconf 89' lang='lat' dir='ltr'><strong>pr.‚</strong></span> <span class='ocrx_word' id='word_1_191' title='bbox 1250 2459 1400 2508; x_wconf 89' lang='lat' dir='ltr'><strong>turre</strong></span> <span class='ocrx_word' id='word_1_192' title='bbox 1446 2471 1494 2508; x_wconf 86' lang='lat' dir='ltr'><strong>v.</strong></span> <span class='ocrx_word' id='word_1_193' title='bbox 1548 2482 1612 2495; x_wconf 94' lang='lat'>—</span> <span class='ocrx_word' id='word_1_194' title='bbox 1667 2463 1850 2511; x_wconf 78' lang='lat' dir='ltr'><strong>autem</strong></span> <span class='ocrx_word' id='word_1_195' title='bbox 1896 2472 1943 2514; x_wconf 88' lang='lat' dir='ltr'><strong>e.</strong></span> <span class='ocrx_word' id='word_1_196' title='bbox 1989 2456 2054 2512; x_wconf 91' lang='lat' dir='ltr'><strong>D.</strong></span> <span class='ocrx_word' id='word_1_197' title='bbox 2102 2456 2185 2510; x_wconf 90' lang='lat' dir='ltr'><strong>ed.</strong></span> <span class='ocrx_word' id='word_1_198' title='bbox 2232 2473 2310 2526; x_wconf 88' lang='lat' dir='ltr'><strong>pr.</strong></span> <span class='ocrx_word' id='word_1_199' title='bbox 2358 2475 2430 2524; x_wconf 64' lang='lat' dir='ltr'><strong>v..</strong></span> 
     </span>
     <span class='ocr_line' id='line_1_23' title="bbox 230 2538 2502 2617; baseline -0 -19"><span class='ocrx_word' id='word_1_200' title='bbox 230 2543 381 2599; x_wconf 84' lang='lat' dir='ltr'><strong>enim</strong></span> <span class='ocrx_word' id='word_1_201' title='bbox 425 2544 548 2617; x_wconf 78' lang='lat' dir='ltr'><strong>Vat.</strong></span> <span class='ocrx_word' id='word_1_202' title='bbox 601 2571 670 2583; x_wconf 86' lang='lat'><strong>--</strong></span> <span class='ocrx_word' id='word_1_203' title='bbox 741 2543 789 2593; x_wconf 80' lang='lat'><strong>2.</strong></span> <span class='ocrx_word' id='word_1_204' title='bbox 843 2538 1098 2594; x_wconf 83' lang='lat' dir='ltr'><strong>inferiore</strong></span> <span class='ocrx_word' id='word_1_205' title='bbox 1146 2555 1189 2595; x_wconf 94' lang='lat' dir='ltr'><strong>c.</strong></span> <span class='ocrx_word' id='word_1_206' title='bbox 1231 2539 1353 2595; x_wconf 78' lang='lat' dir='ltr'><strong>Vat.</strong></span> <span class='ocrx_word' id='word_1_207' title='bbox 1391 2538 1475 2595; x_wconf 91' lang='lat' dir='ltr'><strong>ed.</strong></span> <span class='ocrx_word' id='word_1_208' title='bbox 1511 2556 1590 2609; x_wconf 88' lang='lat' dir='ltr'><strong>pr.</strong></span> <span class='ocrx_word' id='word_1_209' title='bbox 1630 2560 1678 2599; x_wconf 77' lang='lat' dir='ltr'><strong>v.</strong></span> <span class='ocrx_word' id='word_1_210' title='bbox 1694 2582 1707 2607; x_wconf 91' lang='lat'>‚</span> <span class='ocrx_word' id='word_1_211' title='bbox 1759 2542 1999 2597; x_wconf 76' lang='lat' dir='ltr'><strong>inferiori</strong></span> <span class='ocrx_word' id='word_1_212' title='bbox 2033 2543 2097 2597; x_wconf 93' lang='lat' dir='ltr'><strong>D.</strong></span> <span class='ocrx_word' id='word_1_213' title='bbox 2234 2550 2290 2597; x_wconf 84' lang='lat' dir='ltr'><strong>et</strong></span> <span class='ocrx_word' id='word_1_214' title='bbox 2321 2544 2423 2601; x_wconf 88' lang='lat' dir='ltr'><strong>hoc</strong></span> <span class='ocrx_word' id='word_1_215' title='bbox 2498 2556 2502 2561; x_wconf 88' lang='lat'>·</span> 
     </span>
     <span class='ocr_line' id='line_1_24' title="bbox 231 2623 2421 2695; baseline -0.001 -9"><span class='ocrx_word' id='word_1_216' title='bbox 231 2646 359 2687; x_wconf 88' lang='lat' dir='ltr'><strong>cum</strong></span> <span class='ocrx_word' id='word_1_217' title='bbox 418 2644 462 2683; x_wconf 89' lang='lat' dir='ltr'><strong>c.</strong></span> <span class='ocrx_word' id='word_1_218' title='bbox 511 2629 634 2683; x_wconf 76' lang='lat' dir='ltr'><strong>Vat.</strong></span> <span class='ocrx_word' id='word_1_219' title='bbox 682 2624 766 2681; x_wconf 91' lang='lat' dir='ltr'><strong>ed.</strong></span> <span class='ocrx_word' id='word_1_220' title='bbox 810 2641 891 2695; x_wconf 86' lang='lat' dir='ltr'><strong>pr.</strong></span> <span class='ocrx_word' id='word_1_221' title='bbox 938 2642 1015 2690; x_wconf 83' lang='lat' dir='ltr'><strong>v.,</strong></span> <span class='ocrx_word' id='word_1_222' title='bbox 1079 2628 1136 2677; x_wconf 89' lang='lat' dir='ltr'><strong>et</strong></span> <span class='ocrx_word' id='word_1_223' title='bbox 1179 2638 1301 2677; x_wconf 89' lang='lat' dir='ltr'><strong>cum</strong></span> <span class='ocrx_word' id='word_1_224' title='bbox 1351 2623 1454 2679; x_wconf 92' lang='lat' dir='ltr'><strong>hoc</strong></span> <span class='ocrx_word' id='word_1_225' title='bbox 1495 2624 1592 2689; x_wconf 90' lang='lat' dir='ltr'><strong>D.‚</strong></span> <span class='ocrx_word' id='word_1_226' title='bbox 1646 2633 1701 2681; x_wconf 87' lang='lat' dir='ltr'><strong>et</strong></span> <span class='ocrx_word' id='word_1_227' title='bbox 1753 2627 1856 2683; x_wconf 88' lang='lat' dir='ltr'><strong>hoc</strong></span> <span class='ocrx_word' id='word_1_228' title='bbox 1898 2628 2019 2683; x_wconf 85' lang='lat' dir='ltr'><strong>loco</strong></span> <span class='ocrx_word' id='word_1_229' title='bbox 2068 2644 2190 2683; x_wconf 86' lang='lat' dir='ltr'><strong>eum</strong></span> <span class='ocrx_word' id='word_1_230' title='bbox 2237 2629 2299 2683; x_wconf 87' lang='lat' dir='ltr'><strong>G.</strong></span> <span class='ocrx_word' id='word_1_231' title='bbox 2352 2658 2421 2671; x_wconf 91' lang='lat'><strong>-—</strong></span> 
     </span>
     <span class='ocr_line' id='line_1_25' title="bbox 228 2709 2421 2783; baseline -0.001 -12"><span class='ocrx_word' id='word_1_232' title='bbox 228 2713 558 2783; x_wconf 82' lang='lat' dir='ltr'><strong>repleverint</strong></span> <span class='ocrx_word' id='word_1_233' title='bbox 591 2729 638 2767; x_wconf 87' lang='lat' dir='ltr'><strong>c.</strong></span> <span class='ocrx_word' id='word_1_234' title='bbox 671 2711 736 2766; x_wconf 91' lang='lat' dir='ltr'><strong>D.</strong></span> <span class='ocrx_word' id='word_1_235' title='bbox 775 2714 902 2768; x_wconf 83' lang='lat' dir='ltr'><strong>Vat.</strong></span> <span class='ocrx_word' id='word_1_236' title='bbox 919 2751 934 2775; x_wconf 89' lang='lat'>‚</span> <span class='ocrx_word' id='word_1_237' title='bbox 987 2709 1326 2779; x_wconf 86' lang='lat' dir='ltr'><strong>impleverint</strong></span> <span class='ocrx_word' id='word_1_238' title='bbox 1361 2710 1441 2764; x_wconf 88' lang='lat' dir='ltr'><strong>ed.</strong></span> <span class='ocrx_word' id='word_1_239' title='bbox 1476 2726 1555 2778; x_wconf 87' lang='lat' dir='ltr'><strong>pr.</strong></span> <span class='ocrx_word' id='word_1_240' title='bbox 1595 2730 1640 2765; x_wconf 87' lang='lat' dir='ltr'><strong>v.</strong></span> <span class='ocrx_word' id='word_1_241' title='bbox 1680 2743 1749 2753; x_wconf 91' lang='lat'><strong>—-</strong></span> <span class='ocrx_word' id='word_1_242' title='bbox 1818 2714 1865 2767; x_wconf 84' lang='grc'><strong>3.</strong></span> <span class='ocrx_word' id='word_1_243' title='bbox 1898 2719 1949 2767; x_wconf 79' lang='lat'><strong>4.</strong></span> <span class='ocrx_word' id='word_1_244' title='bbox 1984 2721 2341 2781; x_wconf 85' lang='lat' dir='ltr'><strong>perceperunt</strong></span> <span class='ocrx_word' id='word_1_245' title='bbox 2372 2731 2421 2774; x_wconf 88' lang='lat' dir='ltr'><strong>c.</strong></span> 
     </span>
     <span class='ocr_line' id='line_1_26' title="bbox 230 2796 2425 2867; baseline -0 -12"><span class='ocrx_word' id='word_1_246' title='bbox 230 2800 297 2856; x_wconf 89' lang='lat' dir='ltr'><strong>D.</strong></span> <span class='ocrx_word' id='word_1_247' title='bbox 356 2798 442 2855; x_wconf 89' lang='lat' dir='ltr'><strong>ed.</strong></span> <span class='ocrx_word' id='word_1_248' title='bbox 488 2814 574 2867; x_wconf 87' lang='lat' dir='ltr'><strong>pr.</strong></span> <span class='ocrx_word' id='word_1_249' title='bbox 617 2816 694 2863; x_wconf 77' lang='lat' dir='ltr'><strong>v..</strong></span> <span class='ocrx_word' id='word_1_250' title='bbox 757 2800 1150 2865; x_wconf 80' lang='lat' dir='ltr'><strong>praeceperunt</strong></span> <span class='ocrx_word' id='word_1_251' title='bbox 1187 2796 1340 2860; x_wconf 57' lang='lat' dir='ltr'><strong>Van,</strong></span> <span class='ocrx_word' id='word_1_252' title='bbox 1397 2803 1719 2863; x_wconf 84' lang='lat' dir='ltr'><strong>receperunt</strong></span> <span class='ocrx_word' id='word_1_253' title='bbox 1753 2796 1816 2853; x_wconf 84' lang='lat' dir='ltr'><strong>G.</strong></span> <span class='ocrx_word' id='word_1_254' title='bbox 1852 2828 1917 2839; x_wconf 94' lang='lat'>-</span> <span class='ocrx_word' id='word_1_255' title='bbox 1966 2799 2186 2854; x_wconf 85' lang='lat' dir='ltr'><strong>verbum</strong></span> <span class='ocrx_word' id='word_1_256' title='bbox 2218 2800 2425 2854; x_wconf 80' lang='lat' dir='ltr'><strong>iustum</strong></span> 
     </span>
     <span class='ocr_line' id='line_1_27' title="bbox 229 2879 2419 2955; baseline 0.001 -16"><span class='ocrx_word' id='word_1_257' title='bbox 229 2889 358 2953; x_wconf 79' lang='grc' dir='ltr'>(τοῦ</span> <span class='ocrx_word' id='word_1_258' title='bbox 411 2886 634 2955; x_wconf 70' lang='grc' dir='ltr'><strong>ῥήματος</strong></span> <span class='ocrx_word' id='word_1_259' title='bbox 680 2892 775 2937; x_wconf 79' lang='grc' dir='ltr'><strong>τοῦ</strong></span> <span class='ocrx_word' id='word_1_260' title='bbox 814 2883 1042 2951; x_wconf 81' lang='grc' dir='ltr'><strong><em>δικαίου)</em></strong></span> <span class='ocrx_word' id='word_1_261' title='bbox 1077 2897 1124 2938; x_wconf 84' lang='lat' dir='ltr'><strong>c.</strong></span> <span class='ocrx_word' id='word_1_262' title='bbox 1163 2879 1246 2936; x_wconf 84' lang='lat' dir='ltr'><strong>ed.</strong></span> <span class='ocrx_word' id='word_1_263' title='bbox 1280 2896 1360 2948; x_wconf 83' lang='lat' dir='ltr'><strong>pr.</strong></span> <span class='ocrx_word' id='word_1_264' title='bbox 1397 2899 1447 2938; x_wconf 78' lang='lat' dir='ltr'><strong>V.</strong></span> <span class='ocrx_word' id='word_1_265' title='bbox 1468 2923 1481 2947; x_wconf 89' lang='lat'>,</span> <span class='ocrx_word' id='word_1_266' title='bbox 1541 2883 1761 2939; x_wconf 80' lang='lat' dir='ltr'><strong>verbum</strong></span> <span class='ocrx_word' id='word_1_267' title='bbox 1793 2883 1942 2939; x_wconf 77' lang='lat' dir='ltr'><strong>istud</strong></span> <span class='ocrx_word' id='word_1_268' title='bbox 1973 2884 2039 2940; x_wconf 91' lang='lat' dir='ltr'><strong>D.</strong></span> <span class='ocrx_word' id='word_1_269' title='bbox 2076 2886 2198 2940; x_wconf 84' lang='lat' dir='ltr'><strong>vat.</strong></span> <span class='ocrx_word' id='word_1_270' title='bbox 2234 2914 2302 2925; x_wconf 91' lang='lat'><strong>--</strong></span> <span class='ocrx_word' id='word_1_271' title='bbox 2373 2890 2419 2942; x_wconf 84' lang='lat'><strong>5.</strong></span> 
     </span>
     <span class='ocr_line' id='line_1_28' title="bbox 231 2965 2422 3039; baseline 0.002 -16"><span class='ocrx_word' id='word_1_272' title='bbox 231 2985 330 3026; x_wconf 85' lang='lat' dir='ltr'><strong>eor</strong></span> <span class='ocrx_word' id='word_1_273' title='bbox 363 2970 486 3037; x_wconf 77' lang='grc' dir='ltr'><strong>(τὴν</strong></span> <span class='ocrx_word' id='word_1_274' title='bbox 527 2969 772 3039; x_wconf 73' lang='grc' dir='ltr'><strong>καρδίαν)</strong></span> <span class='ocrx_word' id='word_1_275' title='bbox 807 2984 854 3025; x_wconf 91' lang='lat' dir='ltr'><strong>c.</strong></span> <span class='ocrx_word' id='word_1_276' title='bbox 891 2967 976 3033; x_wconf 82' lang='lat' dir='ltr'><strong>D..</strong></span> <span class='ocrx_word' id='word_1_277' title='bbox 1011 2965 1171 3023; x_wconf 84' lang='lat' dir='ltr'><strong>corde</strong></span> <span class='ocrx_word' id='word_1_278' title='bbox 1208 2968 1348 3031; x_wconf 71' lang='lat' dir='ltr'><strong>Vat„</strong></span> <span class='ocrx_word' id='word_1_279' title='bbox 1386 2966 1551 3023; x_wconf 82' lang='lat' dir='ltr'><strong>corda</strong></span> <span class='ocrx_word' id='word_1_280' title='bbox 1585 2968 1673 3025; x_wconf 86' lang='lat' dir='ltr'><strong>ed.</strong></span> <span class='ocrx_word' id='word_1_281' title='bbox 1706 2984 1786 3037; x_wconf 85' lang='lat' dir='ltr'><strong>pr.</strong></span> <span class='ocrx_word' id='word_1_282' title='bbox 1822 2987 1871 3025; x_wconf 86' lang='lat' dir='ltr'><strong>v.</strong></span> <span class='ocrx_word' id='word_1_283' title='bbox 1905 2998 1973 3009; x_wconf 90' lang='lat'>-</span> <span class='ocrx_word' id='word_1_284' title='bbox 2009 2969 2249 3039; x_wconf 82' lang='lat' dir='ltr'><strong>ipsorum</strong></span> <span class='ocrx_word' id='word_1_285' title='bbox 2284 2988 2327 3026; x_wconf 91' lang='lat' dir='ltr'><strong>c.</strong></span> <span class='ocrx_word' id='word_1_286' title='bbox 2352 2972 2422 3029; x_wconf 83' lang='lat' dir='ltr'><strong>D.</strong></span> 
     </span>
     <span class='ocr_line' id='line_1_29' title="bbox 233 3049 2416 3125; baseline 0.001 -14"><span class='ocrx_word' id='word_1_287' title='bbox 233 3057 320 3112; x_wconf 88' lang='lat' dir='ltr'><strong>ed.</strong></span> <span class='ocrx_word' id='word_1_288' title='bbox 357 3070 436 3125; x_wconf 88' lang='lat' dir='ltr'><strong>pr.</strong></span> <span class='ocrx_word' id='word_1_289' title='bbox 472 3072 549 3121; x_wconf 83' lang='lat' dir='ltr'><strong>v.‚</strong></span> <span class='ocrx_word' id='word_1_290' title='bbox 606 3068 790 3109; x_wconf 89' lang='lat' dir='ltr'><strong>eorum</strong></span> <span class='ocrx_word' id='word_1_291' title='bbox 833 3055 951 3109; x_wconf 81' lang='lat' dir='ltr'><strong>Vat.</strong></span> <span class='ocrx_word' id='word_1_292' title='bbox 997 3082 1067 3091; x_wconf 88' lang='lat'><strong>—</strong></span> <span class='ocrx_word' id='word_1_293' title='bbox 1135 3053 1182 3104; x_wconf 83' lang='lat'><strong>6.</strong></span> <span class='ocrx_word' id='word_1_294' title='bbox 1228 3050 1534 3107; x_wconf 85' lang='lat' dir='ltr'><strong>ascenderit</strong></span> <span class='ocrx_word' id='word_1_295' title='bbox 1567 3070 1610 3111; x_wconf 89' lang='lat' dir='ltr'><strong>c.</strong></span> <span class='ocrx_word' id='word_1_296' title='bbox 1646 3054 1712 3107; x_wconf 92' lang='lat' dir='ltr'><strong>D.</strong></span> <span class='ocrx_word' id='word_1_297' title='bbox 1749 3054 1896 3120; x_wconf 64' lang='lat' dir='ltr'><strong>Vat„</strong></span> <span class='ocrx_word' id='word_1_298' title='bbox 1950 3049 2296 3111; x_wconf 76' lang='lat' dir='ltr'><strong>ascenderint</strong></span> <span class='ocrx_word' id='word_1_299' title='bbox 2330 3056 2416 3115; x_wconf 90' lang='lat' dir='ltr'><strong>ed.</strong></span> 
     </span>
     <span class='ocr_line' id='line_1_30' title="bbox 232 3136 2421 3210; baseline 0.001 -16"><span class='ocrx_word' id='word_1_300' title='bbox 232 3158 312 3210; x_wconf 83' lang='lat' dir='ltr'><strong>pr.</strong></span> <span class='ocrx_word' id='word_1_301' title='bbox 352 3158 399 3195; x_wconf 87' lang='lat' dir='ltr'><strong>v.</strong></span> <span class='ocrx_word' id='word_1_302' title='bbox 438 3168 503 3179; x_wconf 92' lang='lat'>—</span> <span class='ocrx_word' id='word_1_303' title='bbox 540 3155 631 3195; x_wconf 86' lang='lat' dir='ltr'><strong>cor</strong></span> <span class='ocrx_word' id='word_1_304' title='bbox 665 3155 711 3193; x_wconf 91' lang='lat' dir='ltr'><strong>c.</strong></span> <span class='ocrx_word' id='word_1_305' title='bbox 746 3138 831 3201; x_wconf 88' lang='lat' dir='ltr'><strong>D.‚</strong></span> <span class='ocrx_word' id='word_1_306' title='bbox 865 3136 1026 3192; x_wconf 87' lang='lat' dir='ltr'><strong>corde</strong></span> <span class='ocrx_word' id='word_1_307' title='bbox 1069 3143 1200 3201; x_wconf 81' lang='lat' dir='ltr'><strong>vat,</strong></span> <span class='ocrx_word' id='word_1_308' title='bbox 1235 3137 1400 3195; x_wconf 81' lang='lat' dir='ltr'><strong>corda.</strong></span> <span class='ocrx_word' id='word_1_309' title='bbox 1435 3138 1519 3191; x_wconf 88' lang='lat' dir='ltr'><strong>ed.</strong></span> <span class='ocrx_word' id='word_1_310' title='bbox 1553 3154 1632 3207; x_wconf 88' lang='lat' dir='ltr'><strong>pr.</strong></span> <span class='ocrx_word' id='word_1_311' title='bbox 1670 3157 1716 3195; x_wconf 86' lang='lat' dir='ltr'><strong>v.</strong></span> <span class='ocrx_word' id='word_1_312' title='bbox 1764 3168 1819 3181; x_wconf 92' lang='lat'><em>-</em></span> <span class='ocrx_word' id='word_1_313' title='bbox 1862 3144 1909 3197; x_wconf 88' lang='grc'><strong>6.</strong></span> <span class='ocrx_word' id='word_1_314' title='bbox 1932 3143 1983 3195; x_wconf 85' lang='lat'><strong>7.</strong></span> <span class='ocrx_word' id='word_1_315' title='bbox 2018 3140 2421 3209; x_wconf 81' lang='lat' dir='ltr'><strong>[poenitentiam</strong></span> 
     </span>
     <span class='ocr_line' id='line_1_31' title="bbox 231 3222 2419 3297; baseline 0 -15"><span class='ocrx_word' id='word_1_316' title='bbox 231 3228 441 3297; x_wconf 76' lang='lat' dir='ltr'><strong>agerel,</strong></span> <span class='ocrx_word' id='word_1_317' title='bbox 477 3226 546 3280; x_wconf 85' lang='lat' dir='ltr'><strong>cf.</strong></span> <span class='ocrx_word' id='word_1_318' title='bbox 578 3242 630 3294; x_wconf 89' lang='lat' dir='ltr'><strong>p.</strong></span> <span class='ocrx_word' id='word_1_319' title='bbox 665 3228 748 3287; x_wconf 71' lang='grc'><strong>22,</strong></span> <span class='ocrx_word' id='word_1_320' title='bbox 790 3227 869 3288; x_wconf 86' lang='grc'><strong>10,</strong></span> <span class='ocrx_word' id='word_1_321' title='bbox 927 3223 1167 3293; x_wconf 85' lang='lat' dir='ltr'><strong>supplevi</strong></span> <span class='ocrx_word' id='word_1_322' title='bbox 1205 3238 1235 3278; x_wconf 89' lang='lat' dir='ltr'><strong>e</strong></span> <span class='ocrx_word' id='word_1_323' title='bbox 1266 3240 1362 3293; x_wconf 65' lang='lat' dir='ltr'><strong>gr„</strong></span> <span class='ocrx_word' id='word_1_324' title='bbox 1400 3225 1465 3278; x_wconf 86' lang='lat' dir='ltr'><strong>cf.</strong></span> <span class='ocrx_word' id='word_1_325' title='bbox 1503 3222 1615 3279; x_wconf 78' lang='lat' dir='ltr'><strong>Pal.</strong></span> <span class='ocrx_word' id='word_1_326' title='bbox 1647 3240 1750 3290; x_wconf 74' lang='lat' dir='ltr'><strong>ae„</strong></span> <span class='ocrx_word' id='word_1_327' title='bbox 1788 3242 1887 3281; x_wconf 88' lang='lat' dir='ltr'><strong>om.</strong></span> <span class='ocrx_word' id='word_1_328' title='bbox 1922 3225 2078 3283; x_wconf 88' lang='lat' dir='ltr'><strong>codd.</strong></span> <span class='ocrx_word' id='word_1_329' title='bbox 2113 3231 2169 3280; x_wconf 89' lang='lat' dir='ltr'><strong>et</strong></span> <span class='ocrx_word' id='word_1_330' title='bbox 2204 3227 2330 3282; x_wconf 69' lang='lat' dir='ltr'><strong>edd.⁴</strong></span> <span class='ocrx_word' id='word_1_331' title='bbox 2356 3258 2419 3274; x_wconf 87' lang='lat'>-</span> 
     </span>
     <span class='ocr_line' id='line_1_32' title="bbox 375 3309 2422 3381; baseline 0 -15"><span class='ocrx_word' id='word_1_332' title='bbox 375 3315 427 3369; x_wconf 84' lang='lat'><strong>8.</strong></span> <span class='ocrx_word' id='word_1_333' title='bbox 469 3311 606 3369; x_wconf 87' lang='lat' dir='ltr'><strong>Cum</strong></span> <span class='ocrx_word' id='word_1_334' title='bbox 647 3326 696 3367; x_wconf 86' lang='lat' dir='ltr'><strong>c.</strong></span> <span class='ocrx_word' id='word_1_335' title='bbox 732 3310 859 3366; x_wconf 84' lang='lat' dir='ltr'><strong>Vat.</strong></span> <span class='ocrx_word' id='word_1_336' title='bbox 895 3309 980 3365; x_wconf 85' lang='lat' dir='ltr'><strong>ed.</strong></span> <span class='ocrx_word' id='word_1_337' title='bbox 1018 3324 1096 3377; x_wconf 87' lang='lat' dir='ltr'><strong>pr.</strong></span> <span class='ocrx_word' id='word_1_338' title='bbox 1134 3327 1178 3365; x_wconf 85' lang='lat' dir='ltr'><strong>v.</strong></span> <span class='ocrx_word' id='word_1_339' title='bbox 1197 3350 1209 3373; x_wconf 89' lang='lat'>,</span> <span class='ocrx_word' id='word_1_340' title='bbox 1263 3323 1492 3377; x_wconf 86' lang='lat' dir='ltr'><strong>cumque</strong></span> <span class='ocrx_word' id='word_1_341' title='bbox 1532 3309 1597 3365; x_wconf 94' lang='lat' dir='ltr'><strong>D.</strong></span> <span class='ocrx_word' id='word_1_342' title='bbox 1632 3342 1702 3351; x_wconf 89' lang='lat'><strong>--</strong></span> <span class='ocrx_word' id='word_1_343' title='bbox 1756 3311 1930 3366; x_wconf 84' lang='lat' dir='ltr'><strong>desini</strong></span> <span class='ocrx_word' id='word_1_344' title='bbox 1962 3310 2341 3381; x_wconf 81' lang='lat' dir='ltr'><strong>interrogando</strong></span> <span class='ocrx_word' id='word_1_345' title='bbox 2376 3328 2422 3367; x_wconf 91' lang='lat' dir='ltr'><strong>c.</strong></span> 
     </span>
     <span class='ocr_line' id='line_1_33' title="bbox 233 3393 2423 3466; baseline 0.001 -13"><span class='ocrx_word' id='word_1_346' title='bbox 233 3399 302 3455; x_wconf 90' lang='lat' dir='ltr'><strong>D.</strong></span> <span class='ocrx_word' id='word_1_347' title='bbox 352 3399 476 3453; x_wconf 85' lang='lat' dir='ltr'><strong>Vat.</strong></span> <span class='ocrx_word' id='word_1_348' title='bbox 527 3394 719 3463; x_wconf 74' lang='lat' dir='ltr'><strong>(desivi</strong></span> <span class='ocrx_word' id='word_1_349' title='bbox 764 3395 878 3461; x_wconf 88' lang='lat' dir='ltr'><strong>B.),</strong></span> <span class='ocrx_word' id='word_1_350' title='bbox 935 3393 1116 3449; x_wconf 88' lang='lat' dir='ltr'><strong>destiti</strong></span> <span class='ocrx_word' id='word_1_351' title='bbox 1161 3395 1492 3463; x_wconf 81' lang='lat' dir='ltr'><strong>interrogare</strong></span> <span class='ocrx_word' id='word_1_352' title='bbox 1539 3396 1622 3452; x_wconf 85' lang='lat' dir='ltr'><strong>ed.</strong></span> <span class='ocrx_word' id='word_1_353' title='bbox 1667 3412 1748 3465; x_wconf 88' lang='lat' dir='ltr'><strong>pr.</strong></span> <span class='ocrx_word' id='word_1_354' title='bbox 1798 3413 1847 3451; x_wconf 84' lang='lat' dir='ltr'><strong>v.</strong></span> <span class='ocrx_word' id='word_1_355' title='bbox 1892 3427 1960 3437; x_wconf 93' lang='lat'>—</span> <span class='ocrx_word' id='word_1_356' title='bbox 2031 3398 2083 3455; x_wconf 80' lang='lat'><strong>9.</strong></span> <span class='ocrx_word' id='word_1_357' title='bbox 2124 3397 2330 3466; x_wconf 73' lang='lat' dir='ltr'><strong>aliquid</strong></span> <span class='ocrx_word' id='word_1_358' title='bbox 2376 3414 2423 3455; x_wconf 84' lang='lat' dir='ltr'><strong>c.</strong></span> 
     </span>
     <span class='ocr_line' id='line_1_34' title="bbox 231 3479 2427 3551; baseline -0 -13"><span class='ocrx_word' id='word_1_359' title='bbox 231 3484 300 3539; x_wconf 89' lang='lat' dir='ltr'><strong>D.</strong></span> <span class='ocrx_word' id='word_1_360' title='bbox 339 3485 496 3547; x_wconf 63' lang='lat' dir='ltr'><strong>vat„</strong></span> <span class='ocrx_word' id='word_1_361' title='bbox 533 3497 636 3541; x_wconf 77' lang='lat' dir='ltr'><strong>om.</strong></span> <span class='ocrx_word' id='word_1_362' title='bbox 673 3480 757 3535; x_wconf 88' lang='lat' dir='ltr'><strong>ed.</strong></span> <span class='ocrx_word' id='word_1_363' title='bbox 791 3496 869 3550; x_wconf 86' lang='lat' dir='ltr'><strong>pr.</strong></span> <span class='ocrx_word' id='word_1_364' title='bbox 905 3498 953 3535; x_wconf 86' lang='lat' dir='ltr'><strong>v.</strong></span> <span class='ocrx_word' id='word_1_365' title='bbox 991 3507 1056 3519; x_wconf 89' lang='lat'><strong>—</strong></span> <span class='ocrx_word' id='word_1_366' title='bbox 1106 3481 1156 3537; x_wconf 79' lang='lat'><strong>9.</strong></span> <span class='ocrx_word' id='word_1_367' title='bbox 1191 3479 1422 3548; x_wconf 85' lang='lat' dir='ltr'><strong>cupidus</strong></span> <span class='ocrx_word' id='word_1_368' title='bbox 1455 3495 1632 3535; x_wconf 83' lang='lat' dir='ltr'><strong>essem</strong></span> <span class='ocrx_word' id='word_1_369' title='bbox 1664 3496 1713 3536; x_wconf 86' lang='lat' dir='ltr'><strong>e.</strong></span> <span class='ocrx_word' id='word_1_370' title='bbox 1751 3484 1871 3537; x_wconf 81' lang='lat' dir='ltr'><strong>Vat.</strong></span> <span class='ocrx_word' id='word_1_371' title='bbox 1909 3482 1996 3540; x_wconf 81' lang='lat' dir='ltr'><strong>ed.</strong></span> <span class='ocrx_word' id='word_1_372' title='bbox 2033 3499 2113 3551; x_wconf 73' lang='lat' dir='ltr'><strong>pr.</strong></span> <span class='ocrx_word' id='word_1_373' title='bbox 2148 3500 2214 3546; x_wconf 63' lang='lat' dir='ltr'><strong>v„</strong></span> <span class='ocrx_word' id='word_1_374' title='bbox 2246 3498 2427 3538; x_wconf 83' lang='lat' dir='ltr'><strong>essem</strong></span> 
     </span>
     <span class='ocr_line' id='line_1_35' title="bbox 233 3564 2423 3639; baseline -0.001 -11"><span class='ocrx_word' id='word_1_375' title='bbox 233 3568 467 3639; x_wconf 81' lang='lat' dir='ltr'><strong>cupidus</strong></span> <span class='ocrx_word' id='word_1_376' title='bbox 502 3567 567 3622; x_wconf 94' lang='lat' dir='ltr'><strong>D.</strong></span> <span class='ocrx_word' id='word_1_377' title='bbox 603 3595 671 3607; x_wconf 88' lang='lat'><em>-</em></span> <span class='ocrx_word' id='word_1_378' title='bbox 742 3570 824 3621; x_wconf 88' lang='lat'><strong>11.</strong></span> <span class='ocrx_word' id='word_1_379' title='bbox 857 3570 1064 3635; x_wconf 80' lang='lat' dir='ltr'><strong>septem</strong></span> <span class='ocrx_word' id='word_1_380' title='bbox 1097 3580 1142 3619; x_wconf 88' lang='lat' dir='ltr'><strong>c.</strong></span> <span class='ocrx_word' id='word_1_381' title='bbox 1175 3566 1240 3621; x_wconf 89' lang='lat' dir='ltr'><strong>D.</strong></span> <span class='ocrx_word' id='word_1_382' title='bbox 1279 3564 1362 3619; x_wconf 89' lang='lat' dir='ltr'><strong>ed.</strong></span> <span class='ocrx_word' id='word_1_383' title='bbox 1399 3582 1476 3633; x_wconf 87' lang='lat' dir='ltr'><strong>pr.</strong></span> <span class='ocrx_word' id='word_1_384' title='bbox 1514 3584 1579 3629; x_wconf 77' lang='lat' dir='ltr'><strong>v..</strong></span> <span class='ocrx_word' id='word_1_385' title='bbox 1617 3580 1710 3619; x_wconf 86' lang='lat' dir='ltr'><strong>sex</strong></span> <span class='ocrx_word' id='word_1_386' title='bbox 1745 3568 1869 3621; x_wconf 83' lang='lat' dir='ltr'><strong>vat.</strong></span> <span class='ocrx_word' id='word_1_387' title='bbox 1916 3596 1969 3607; x_wconf 87' lang='lat'><em>-</em></span> <span class='ocrx_word' id='word_1_388' title='bbox 2008 3567 2201 3623; x_wconf 82' lang='lat' dir='ltr'><strong>turrim</strong></span> <span class='ocrx_word' id='word_1_389' title='bbox 2232 3582 2277 3623; x_wconf 86' lang='lat' dir='ltr'><strong>c.</strong></span> <span class='ocrx_word' id='word_1_390' title='bbox 2301 3570 2423 3626; x_wconf 81' lang='lat' dir='ltr'><strong>Vat.</strong></span> 
     </span>
     <span class='ocr_line' id='line_1_36' title="bbox 235 3650 2420 3722; baseline -0.002 -13"><span class='ocrx_word' id='word_1_391' title='bbox 235 3654 319 3709; x_wconf 88' lang='lat' dir='ltr'><strong>ed.</strong></span> <span class='ocrx_word' id='word_1_392' title='bbox 367 3670 451 3722; x_wconf 88' lang='lat' dir='ltr'><strong>pr.</strong></span> <span class='ocrx_word' id='word_1_393' title='bbox 500 3670 575 3717; x_wconf 86' lang='lat' dir='ltr'><strong>v.‚</strong></span> <span class='ocrx_word' id='word_1_394' title='bbox 636 3656 840 3707; x_wconf 88' lang='lat' dir='ltr'><strong>turrem</strong></span> <span class='ocrx_word' id='word_1_395' title='bbox 875 3650 939 3703; x_wconf 93' lang='lat' dir='ltr'><strong>D.</strong></span> <span class='ocrx_word' id='word_1_396' title='bbox 991 3682 1060 3691; x_wconf 85' lang='lat'><strong>--</strong></span> <span class='ocrx_word' id='word_1_397' title='bbox 1133 3655 1210 3705; x_wconf 87' lang='lat'><strong>12.</strong></span> <span class='ocrx_word' id='word_1_398' title='bbox 1256 3650 1428 3706; x_wconf 85' lang='lat' dir='ltr'><strong>Video</strong></span> <span class='ocrx_word' id='word_1_399' title='bbox 1463 3666 1509 3704; x_wconf 87' lang='lat' dir='ltr'><strong>c.</strong></span> <span class='ocrx_word' id='word_1_400' title='bbox 1548 3652 1674 3706; x_wconf 75' lang='lat' dir='ltr'><strong>Vat.</strong></span> <span class='ocrx_word' id='word_1_401' title='bbox 1702 3650 1783 3706; x_wconf 88' lang='lat' dir='ltr'><strong>ed.</strong></span> <span class='ocrx_word' id='word_1_402' title='bbox 1820 3668 1899 3722; x_wconf 83' lang='lat' dir='ltr'><strong>pr.</strong></span> <span class='ocrx_word' id='word_1_403' title='bbox 1935 3671 2009 3719; x_wconf 86' lang='lat' dir='ltr'><strong>v.‚</strong></span> <span class='ocrx_word' id='word_1_404' title='bbox 2075 3652 2214 3709; x_wconf 86' lang='lat' dir='ltr'><strong>Vide</strong></span> <span class='ocrx_word' id='word_1_405' title='bbox 2248 3652 2314 3706; x_wconf 90' lang='lat' dir='ltr'><strong>D.</strong></span> <span class='ocrx_word' id='word_1_406' title='bbox 2351 3684 2420 3695; x_wconf 90' lang='lat'>—</span> 
     </span>
     <span class='ocr_line' id='line_1_37' title="bbox 233 3734 2420 3807; baseline -0.002 -12"><span class='ocrx_word' id='word_1_407' title='bbox 233 3740 374 3795; x_wconf 82' lang='lat' dir='ltr'><strong>haec</strong></span> <span class='ocrx_word' id='word_1_408' title='bbox 405 3738 553 3796; x_wconf 42' lang='lat' dir='ltr'><strong>csD.</strong></span> <span class='ocrx_word' id='word_1_409' title='bbox 591 3739 712 3792; x_wconf 79' lang='lat' dir='ltr'><strong>Vat.</strong></span> <span class='ocrx_word' id='word_1_410' title='bbox 753 3736 840 3793; x_wconf 88' lang='lat' dir='ltr'><strong>ed.</strong></span> <span class='ocrx_word' id='word_1_411' title='bbox 873 3752 952 3805; x_wconf 82' lang='lat' dir='ltr'><strong>pr.</strong></span> <span class='ocrx_word' id='word_1_412' title='bbox 971 3776 986 3801; x_wconf 90' lang='lat'><strong>‚</strong></span> <span class='ocrx_word' id='word_1_413' title='bbox 1031 3736 1194 3801; x_wconf 81' lang='lat' dir='ltr'><strong>haec,</strong></span> <span class='ocrx_word' id='word_1_414' title='bbox 1237 3734 1414 3805; x_wconf 88' lang='lat' dir='ltr'><strong>inquit</strong></span> <span class='ocrx_word' id='word_1_415' title='bbox 1446 3753 1490 3791; x_wconf 78' lang='lat' dir='ltr'><strong>v.</strong></span> <span class='ocrx_word' id='word_1_416' title='bbox 1529 3767 1596 3776; x_wconf 90' lang='lat'><strong>—-</strong></span> <span class='ocrx_word' id='word_1_417' title='bbox 1632 3738 1702 3793; x_wconf 77' lang='lat' dir='ltr'><strong>ab</strong></span> <span class='ocrx_word' id='word_1_418' title='bbox 1735 3736 1823 3791; x_wconf 85' lang='lat' dir='ltr'><strong>his</strong></span> <span class='ocrx_word' id='word_1_419' title='bbox 1858 3751 1902 3791; x_wconf 91' lang='lat' dir='ltr'><strong>c.</strong></span> <span class='ocrx_word' id='word_1_420' title='bbox 1939 3738 2005 3793; x_wconf 90' lang='lat' dir='ltr'><strong>D.</strong></span> <span class='ocrx_word' id='word_1_421' title='bbox 2041 3737 2163 3793; x_wconf 78' lang='lat' dir='ltr'><strong>Vat.</strong></span> <span class='ocrx_word' id='word_1_422' title='bbox 2202 3737 2288 3795; x_wconf 86' lang='lat' dir='ltr'><strong>ed.</strong></span> <span class='ocrx_word' id='word_1_423' title='bbox 2323 3754 2420 3807; x_wconf 87' lang='lat' dir='ltr'><strong>pr.‚</strong></span> 
     </span>
     <span class='ocr_line' id='line_1_38' title="bbox 236 3822 2419 3893; baseline -0.002 -10"><span class='ocrx_word' id='word_1_424' title='bbox 236 3827 306 3883; x_wconf 72' lang='lat' dir='ltr'><strong>ab</strong></span> <span class='ocrx_word' id='word_1_425' title='bbox 340 3825 410 3879; x_wconf 88' lang='lat' dir='ltr'><strong>iis</strong></span> <span class='ocrx_word' id='word_1_426' title='bbox 444 3842 521 3890; x_wconf 75' lang='lat' dir='ltr'><strong>v..</strong></span> <span class='ocrx_word' id='word_1_427' title='bbox 571 3823 642 3880; x_wconf 78' lang='lat' dir='ltr'><strong>ab</strong></span> <span class='ocrx_word' id='word_1_428' title='bbox 675 3822 763 3877; x_wconf 86' lang='lat' dir='ltr'><strong>his</strong></span> <span class='ocrx_word' id='word_1_429' title='bbox 795 3824 934 3878; x_wconf 80' lang='lat' dir='ltr'><strong>albis</strong></span> <span class='ocrx_word' id='word_1_430' title='bbox 971 3822 1112 3877; x_wconf 88' lang='lat' dir='ltr'><strong>Vict.</strong></span> <span class='ocrx_word' id='word_1_431' title='bbox 1150 3852 1218 3863; x_wconf 89' lang='lat'><strong>—-</strong></span> <span class='ocrx_word' id='word_1_432' title='bbox 1295 3823 1366 3874; x_wconf 73' lang='lat'><strong>13.</strong></span> <span class='ocrx_word' id='word_1_433' title='bbox 1403 3838 1547 3879; x_wconf 83' lang='lat' dir='ltr'><strong>nune</strong></span> <span class='ocrx_word' id='word_1_434' title='bbox 1579 3823 1727 3891; x_wconf 76' lang='grc' dir='ltr'>(νῦν)</span> <span class='ocrx_word' id='word_1_435' title='bbox 1762 3836 1811 3875; x_wconf 90' lang='lat' dir='ltr'><strong>c.</strong></span> <span class='ocrx_word' id='word_1_436' title='bbox 1848 3822 1935 3879; x_wconf 91' lang='lat' dir='ltr'><strong>ed.</strong></span> <span class='ocrx_word' id='word_1_437' title='bbox 1965 3838 2047 3893; x_wconf 84' lang='lat' dir='ltr'><strong>pr.</strong></span> <span class='ocrx_word' id='word_1_438' title='bbox 2086 3839 2164 3888; x_wconf 84' lang='lat' dir='ltr'><strong>v.‚</strong></span> <span class='ocrx_word' id='word_1_439' title='bbox 2214 3839 2315 3879; x_wconf 90' lang='lat' dir='ltr'><strong>om.</strong></span> <span class='ocrx_word' id='word_1_440' title='bbox 2352 3825 2419 3879; x_wconf 91' lang='lat' dir='ltr'><strong>D.</strong></span> 
     </span>
     <span class='ocr_line' id='line_1_39' title="bbox 237 3906 2419 3978; baseline 0.001 -13"><span class='ocrx_word' id='word_1_441' title='bbox 237 3913 364 3969; x_wconf 82' lang='lat' dir='ltr'><strong>Vat.</strong></span> <span class='ocrx_word' id='word_1_442' title='bbox 411 3941 478 3951; x_wconf 90' lang='lat'>-</span> <span class='ocrx_word' id='word_1_443' title='bbox 551 3912 633 3961; x_wconf 79' lang='lat'><strong>14.</strong></span> <span class='ocrx_word' id='word_1_444' title='bbox 680 3908 854 3978; x_wconf 82' lang='lat' dir='ltr'><strong>prima</strong></span> <span class='ocrx_word' id='word_1_445' title='bbox 887 3924 935 3965; x_wconf 85' lang='lat' dir='ltr'><strong>c.</strong></span> <span class='ocrx_word' id='word_1_446' title='bbox 983 3909 1104 3963; x_wconf 80' lang='lat' dir='ltr'><strong>Vat.</strong></span> <span class='ocrx_word' id='word_1_447' title='bbox 1141 3906 1223 3963; x_wconf 89' lang='lat' dir='ltr'><strong>ed.</strong></span> <span class='ocrx_word' id='word_1_448' title='bbox 1259 3922 1340 3974; x_wconf 87' lang='lat' dir='ltr'><strong>pr.</strong></span> <span class='ocrx_word' id='word_1_449' title='bbox 1377 3924 1450 3972; x_wconf 77' lang='lat' dir='ltr'><strong>v.‚</strong></span> <span class='ocrx_word' id='word_1_450' title='bbox 1495 3906 1695 3976; x_wconf 77' lang='lat' dir='ltr'><strong>primat</strong></span> <span class='ocrx_word' id='word_1_451' title='bbox 1723 3908 1788 3963; x_wconf 88' lang='lat' dir='ltr'><strong>D.</strong></span> <span class='ocrx_word' id='word_1_452' title='bbox 1825 3936 1892 3947; x_wconf 90' lang='lat'>—</span> <span class='ocrx_word' id='word_1_453' title='bbox 1930 3922 2117 3963; x_wconf 79' lang='lat' dir='ltr'><strong>earum</strong></span> <span class='ocrx_word' id='word_1_454' title='bbox 2151 3923 2195 3965; x_wconf 88' lang='lat' dir='ltr'><strong>c.</strong></span> <span class='ocrx_word' id='word_1_455' title='bbox 2230 3908 2298 3967; x_wconf 92' lang='lat' dir='ltr'><strong>D.</strong></span> <span class='ocrx_word' id='word_1_456' title='bbox 2332 3910 2419 3967; x_wconf 88' lang='lat' dir='ltr'><strong>ed.</strong></span> 
     </span>
     <span class='ocr_line' id='line_1_40' title="bbox 235 3992 2421 4066; baseline 0 -17"><span class='ocrx_word' id='word_1_457' title='bbox 235 4013 320 4066; x_wconf 87' lang='lat' dir='ltr'><strong>pr.</strong></span> <span class='ocrx_word' id='word_1_458' title='bbox 351 4014 431 4061; x_wconf 57' lang='grc' dir='ltr'><strong>ι,</strong></span> <span class='ocrx_word' id='word_1_459' title='bbox 480 3994 624 4051; x_wconf 88' lang='lat' dir='ltr'><strong>enim</strong></span> <span class='ocrx_word' id='word_1_460' title='bbox 661 3995 782 4048; x_wconf 77' lang='lat' dir='ltr'><strong>Vat.</strong></span> <span class='ocrx_word' id='word_1_461' title='bbox 819 4022 887 4033; x_wconf 89' lang='lat'>-</span> <span class='ocrx_word' id='word_1_462' title='bbox 959 3994 1042 4049; x_wconf 79' lang='lat'><strong>15.</strong></span> <span class='ocrx_word' id='word_1_463' title='bbox 1079 3992 1212 4049; x_wconf 80' lang='lat' dir='ltr'><strong>salvi</strong></span> <span class='ocrx_word' id='word_1_464' title='bbox 1247 3992 1377 4049; x_wconf 88' lang='lat' dir='ltr'><strong>fient</strong></span> <span class='ocrx_word' id='word_1_465' title='bbox 1411 3994 1712 4063; x_wconf 74' lang='grc' dir='ltr'>(σώζονται)</span> <span class='ocrx_word' id='word_1_466' title='bbox 1746 4010 1790 4049; x_wconf 92' lang='lat' dir='ltr'><strong>c.</strong></span> <span class='ocrx_word' id='word_1_467' title='bbox 1825 3994 1889 4047; x_wconf 91' lang='lat' dir='ltr'><strong>D.</strong></span> <span class='ocrx_word' id='word_1_468' title='bbox 1926 3992 2008 4048; x_wconf 91' lang='lat' dir='ltr'><strong>ed.</strong></span> <span class='ocrx_word' id='word_1_469' title='bbox 2043 4009 2124 4061; x_wconf 86' lang='lat' dir='ltr'><strong>pr.</strong></span> <span class='ocrx_word' id='word_1_470' title='bbox 2158 4011 2232 4057; x_wconf 51' lang='grc' dir='ltr'><strong>νὴ,</strong></span> <span class='ocrx_word' id='word_1_471' title='bbox 2286 3995 2421 4049; x_wconf 81' lang='lat' dir='ltr'><strong>salvi</strong></span> 
     </span>
     <span class='ocr_line' id='line_1_41' title="bbox 237 4076 2419 4147; baseline 0 -12"><span class='ocrx_word' id='word_1_472' title='bbox 237 4082 372 4137; x_wconf 82' lang='lat' dir='ltr'><strong>fiant</strong></span> <span class='ocrx_word' id='word_1_473' title='bbox 409 4082 534 4140; x_wconf 82' lang='lat' dir='ltr'><strong>vat.</strong></span> <span class='ocrx_word' id='word_1_474' title='bbox 571 4111 639 4121; x_wconf 94' lang='lat'><strong>—</strong></span> <span class='ocrx_word' id='word_1_475' title='bbox 673 4094 800 4135; x_wconf 84' lang='lat' dir='ltr'><strong>vero</strong></span> <span class='ocrx_word' id='word_1_476' title='bbox 835 4094 878 4132; x_wconf 87' lang='lat' dir='ltr'><strong>c.</strong></span> <span class='ocrx_word' id='word_1_477' title='bbox 924 4078 1042 4132; x_wconf 79' lang='lat' dir='ltr'><strong>Vat.</strong></span> <span class='ocrx_word' id='word_1_478' title='bbox 1077 4076 1158 4133; x_wconf 88' lang='lat' dir='ltr'><strong>ed.</strong></span> <span class='ocrx_word' id='word_1_479' title='bbox 1195 4093 1274 4147; x_wconf 87' lang='lat' dir='ltr'><strong>pr.</strong></span> <span class='ocrx_word' id='word_1_480' title='bbox 1313 4095 1394 4142; x_wconf 77' lang='lat' dir='ltr'><strong>v.,</strong></span> <span class='ocrx_word' id='word_1_481' title='bbox 1431 4086 1611 4133; x_wconf 81' lang='lat' dir='ltr'><strong>autem</strong></span> <span class='ocrx_word' id='word_1_482' title='bbox 1645 4080 1709 4135; x_wconf 89' lang='lat' dir='ltr'><strong>D.</strong></span> <span class='ocrx_word' id='word_1_483' title='bbox 1748 4108 1808 4119; x_wconf 89' lang='lat'>-</span> <span class='ocrx_word' id='word_1_484' title='bbox 1884 4079 1963 4133; x_wconf 84' lang='lat'><strong>16.</strong></span> <span class='ocrx_word' id='word_1_485' title='bbox 1984 4078 2341 4135; x_wconf 16' lang='lat' dir='ltr'><strong>*Continentia</strong></span> <span class='ocrx_word' id='word_1_486' title='bbox 2364 4078 2419 4135; x_wconf 82' lang='lat' dir='ltr'><strong>c.</strong></span> 
     </span>
     <span class='ocr_line' id='line_1_42' title="bbox 241 4162 2421 4233; baseline 0.001 -16"><span class='ocrx_word' id='word_1_487' title='bbox 241 4164 304 4222; x_wconf 87' lang='lat' dir='ltr'><strong>D.</strong></span> <span class='ocrx_word' id='word_1_488' title='bbox 332 4167 471 4233; x_wconf 71' lang='lat' dir='ltr'><strong>Vat..</strong></span> <span class='ocrx_word' id='word_1_489' title='bbox 507 4162 847 4221; x_wconf 81' lang='lat' dir='ltr'><strong>Abstinentia</strong></span> <span class='ocrx_word' id='word_1_490' title='bbox 881 4162 962 4219; x_wconf 87' lang='lat' dir='ltr'><strong>ed.</strong></span> <span class='ocrx_word' id='word_1_491' title='bbox 998 4180 1074 4232; x_wconf 82' lang='lat' dir='ltr'><strong>pr.</strong></span> <span class='ocrx_word' id='word_1_492' title='bbox 1100 4183 1148 4218; x_wconf 82' lang='lat' dir='ltr'><strong>v.</strong></span> <span class='ocrx_word' id='word_1_493' title='bbox 1187 4195 1251 4205; x_wconf 89' lang='grc'><strong>-</strong></span> <span class='ocrx_word' id='word_1_494' title='bbox 1289 4174 1374 4219; x_wconf 84' lang='lat' dir='ltr'><strong>est</strong></span> <span class='ocrx_word' id='word_1_495' title='bbox 1389 4164 1503 4219; x_wconf 73' lang='lat' dir='ltr'><strong>filia</strong></span> <span class='ocrx_word' id='word_1_496' title='bbox 1520 4180 1563 4218; x_wconf 83' lang='lat' dir='ltr'><strong>c.</strong></span> <span class='ocrx_word' id='word_1_497' title='bbox 1583 4166 1646 4217; x_wconf 89' lang='lat' dir='ltr'><strong>D.</strong></span> <span class='ocrx_word' id='word_1_498' title='bbox 1673 4166 1815 4229; x_wconf 68' lang='lat' dir='ltr'><strong>Vat..</strong></span> <span class='ocrx_word' id='word_1_499' title='bbox 1842 4162 1955 4220; x_wconf 77' lang='lat' dir='ltr'><strong>filia</strong></span> <span class='ocrx_word' id='word_1_500' title='bbox 1978 4164 2160 4221; x_wconf 80' lang='lat' dir='ltr'><strong>ested.</strong></span> <span class='ocrx_word' id='word_1_501' title='bbox 2176 4179 2254 4233; x_wconf 81' lang='lat' dir='ltr'><strong>pr.</strong></span> <span class='ocrx_word' id='word_1_502' title='bbox 2275 4182 2321 4220; x_wconf 84' lang='lat' dir='ltr'><strong>v.</strong></span> <span class='ocrx_word' id='word_1_503' title='bbox 2354 4195 2421 4205; x_wconf 87' lang='lat'>-</span> 
     </span>
    </p>
   </div>
   <div class='ocr_carea' id='block_1_8' title="bbox 2975 3776 3000 4273">
    <p class='ocr_par' dir='ltr' id='par_1_9' title="bbox 2975 3776 3000 4273">
     <span class='ocr_line' id='line_1_43' title="bbox 2975 3776 3000 4273; textangle 90"><span class='ocrx_word' id='word_1_504' title='bbox 2984 4270 2987 4273; x_wconf 64' lang='lat'><strong>⁴</strong></span> <span class='ocrx_word' id='word_1_505' title='bbox 2976 4054 3000 4255; x_wconf 41' lang='grc' dir='ltr'><strong>«ἕνῷἱ-οἶα-’ς-’τᾲϋ</strong></span> <span class='ocrx_word' id='word_1_506' title='bbox 2982 4034 2989 4047; x_wconf 72' lang='lat'><em>⁷</em></span> <span class='ocrx_word' id='word_1_507' title='bbox 2994 4016 2999 4019; x_wconf 71' lang='grc'><strong>,</strong></span> <span class='ocrx_word' id='word_1_508' title='bbox 2975 3957 2999 3969; x_wconf 49' lang='grc' dir='ltr'><strong>ᾗ,</strong></span> <span class='ocrx_word' id='word_1_509' title='bbox 2990 3842 2993 3853; x_wconf 83' lang='grc'>-</span> <span class='ocrx_word' id='word_1_510' title='bbox 2975 3776 2977 3785; x_wconf 72' lang='grc'><em>“</em></span> 
     </span>
    </p>
   </div>
  </div>
 </body>
</html>
