3003 5080
629 429 716 504 ὅθ
781 413 784 416 ⁴
1634 427 1841 493 Pastor.

633 613 871 685 oportet
925 605 1094 672 illum
1153 607 1348 672 virum
1390 615 1494 669 aut
1537 608 1849 674 mulierem
1895 629 2160 689 peecare.
2206 611 2257 674 si
2299 619 2501 674 autom
2541 612 2827 692 novissi-

635 727 769 772 mus
832 708 918 774 vir
963 710 1139 774 fucrit
1181 718 1284 776 aut
1326 710 1543 776 mulier
1561 757 1579 786 ,
1652 719 1711 778 ct
1754 713 2083 776 ascenderit
2124 713 2186 778 in
2232 715 2417 778 corde
2453 714 2613 778 illius
2653 733 2826 796 opera

637 812 844 877 nuncii
882 813 1223 895 aequitatis,
1302 833 1542 879 necesse
1587 823 1677 876 est
1731 815 1903 879 illum
1946 826 2049 878 aut
2087 815 2253 880 illam
2291 816 2517 896 aliquid
2555 817 2700 878 huni
2743 820 2827 878 fia-

637 934 785 982 cere.
848 915 1005 980 vides
1063 935 1204 996 ergo
1221 963 1240 998 ‚
1314 917 1450 997 quia
1508 917 1740 984 honum
1796 927 1885 980 est
1942 918 2226 982 nuncium
2294 921 2599 1001 aequitatis
2642 922 2826 1000 sequi.

577 1011 618 1076 5
635 1017 683 1082 si
727 1037 867 1098 ergo
926 1027 1168 1086 secutus
1228 1019 1410 1086 tueris
1454 1027 1515 1084 et
1554 1020 1873 1085 credideris
1915 1022 2191 1101 operibus
2234 1023 2424 1106 iliius,
2500 1025 2657 1086 wives
2698 1025 2827 1105 dieo,

636 1129 694 1188 et
739 1121 846 1202 qui
884 1122 1198 1189 crediderit
1239 1122 1520 1205 operibus
1560 1123 1737 1206 iuius,
1784 1125 1935 1188 vivet
1979 1125 2153 1190 deo“.

1373 1285 1867 1356 Mandatum
1916 1287 2099 1354 VII.

853 1405 1124 1483 „Time“‚
1148 1400 1386 1490 inquit,
1433 1407 1781 1484 „dominum
1832 1418 1889 1472 et
1935 1409 2210 1474 mandata
2256 1410 2381 1474 eius
2412 1410 2664 1476 custodi.
2711 1429 2829 1477 ser-

635 1527 782 1569 vans
839 1509 997 1570 enim
1053 1520 1362 1592 praecepta
1423 1511 1549 1572 dei'
1576 1512 1691 1574 eris
1734 1519 1949 1598 potens
1992 1513 2055 1574 in
2100 1514 2266 1576 omni
2308 1498 2481 1589 actu.
2553 1521 2614 1578 et
2655 1532 2828 1578 omne

413 1641 466 1658 Α
538 1620 619 1686 10
638 1613 939 1698 negotium
983 1597 1156 1678 tunm
1201 1613 1313 1679 erit
1339 1613 1825 1696 incomparabile.
1854 1617 2071 1702 timens
2101 1617 2257 1680 enim
2290 1615 2600 1682 dominum
2634 1617 2830 1686 omnia

636 1717 798 1784 bona
843 1715 1200 1798 operaberis.
1245 1715 1343 1777 hic
1388 1726 1477 1784 est
1520 1718 1721 1800 timor,
1766 1736 1945 1797 quem
1989 1719 2195 1784 timere
2220 1727 2499 1800 oportet,
2540 1728 2608 1782 ut
2636 1720 2828 1786 salvus

637 1839 765 1883 esse
805 1820 1016 1902 possiS.
1072 1819 1372 1884 diabolum
1420 1828 1619 1887 autem
1664 1840 1741 1886 ne
1785 1820 2010 1885 timeas.
2054 1823 2270 1887 timens
2314 1821 2478 1884 enim.
2520 1823 2829 1890 dominum

637 1922 1032 1986 dominaberis
1074 1923 1266 2004 illius,
1343 1924 1478 2004 quia
1524 1925 1708 1986 virtus
1748 1923 1810 1985 in
1854 1923 1954 1985 illo
2002 1925 2165 1987 nulla
2207 1934 2313 1988 est.
2357 1925 2421 1986 in
2470 1945 2587 2006 quo
2635 1935 2829 1990 autem

638 2028 822 2096 virtus
871 2047 996 2093 non
1039 2035 1160 2112 est,¹
1203 2046 1316 2091 nec
1360 2027 1557 2092 timor.
1626 2046 1765 2092 nam
1808 2027 1871 2091 in
1918 2044 2039 2105 quo.
2080 2029 2275 2093 virtus.
2308 2029 2572 2112 gloriosa
2606 2039 2734 2112 est,
2779 2040 2831 2094 et

541 2134 620 2198 15
636 2131 818 2200 timor
860 2132 923 2194 in
968 2131 1074 2196 illo,
1115 2139 1224 2194 est.
1269 2130 1466 2204 omnis
1495 2130 1655 2197 enim
1687 2129 1961 2196 virtutem
1992 2133 2219 2198 habens
2250 2141 2313 2196 en
2330 2133 2601 2198 timorem
2637 2133 2827 2198 Μαι.

638 2254 777 2298 nam
837 2234 940 2314 qni
991 2234 1268 2296 virtutem
1326 2253 1450 2301 nun
1507 2231 1687 2294 hahet
1741 2232 1813 2293 ab
1874 2234 2151 2296 omnibus
2195 2235 2617 2298 coutemnitur.
2694 2237 2829 2298 time

636 2326 812 2419 plane
857 2338 1007 2398 facta
1050 2336 1300 2412 diaboli,
1347 2335 1632 2414 quoniam
1676 2335 1932 2416 maligna
1974 2346 2139 2403 sunt.
2200 2347 2478 2400 metuens
2516 2339 2680 2402 enim
2726 2340 2831 2401 do-

638 2441 869 2503 minum
921 2439 1155 2502 timebis
1207 2449 1266 2502 et
1324 2458 1503 2524 opera
1548 2437 1763 2502 diaboli
1807 2458 1929 2501 non
1978 2441 2187 2523 facieS‚
2260 2443 2370 2503 sed
2408 2440 2731 2507 abstinebis
2776 2451 2829 2507 te

639 2545 712 2609 ab
757 2545 861 2611 eis.
903 2543 1121 2625 duplex.
1164 2544 1324 2613 onim
1367 2545 1549 2611 timor
1593 2531 1698 2605 est.
1745 2542 1797 2603 si
1842 2543 2000 2606 enirn
2038 2544 2263 2610 malum
2284 2537 2517 2627 operari
2546 2548 2830 2621 nolueris,

779 2716 827 2773 1.
863 2718 910 2768 2.
946 2713 1308 2783 nequissimus
1335 2731 1379 2772 c.
1413 2712 1480 2766 D.
1521 2711 1605 2771 ed.
1640 2728 1749 2782 pr.,
1787 2712 2157 2783 iniquissimus
2190 2714 2330 2782 Vat„
2366 2714 2527 2773 etiam
2561 2716 2826 2789 neqnissi-

635 2816 756 2863 mus
791 2818 842 2858 v.
887 2829 946 2841 —
988 2802 1037 2855 2.
1080 2799 1386 2856 ascenderit
1435 2800 1661 2873 (ἀναβῇ)
1696 2816 1745 2857 c.
1783 2799 1909 2855 Vat.
1941 2800 2027 2857 ed.
2060 2816 2163 2870 pr„
2196 2801 2539 2859 ascenderint
2571 2801 2640 2865 D.
2680 2820 2731 2859 v.
2764 2834 2825 2844 -

635 2886 798 2943 corde
835 2900 882 2944 c.
916 2885 981 2941 D.
1015 2884 1166 2951 Vat„
1225 2901 1317 2941 cor
1353 2884 1436 2939 ed.
1471 2900 1551 2959 pr.
1588 2903 1635 2942 v.
1675 2914 1736 2926 -
1808 2887 1855 2941 3.
1890 2886 2072 2945 nuncii
2107 2901 2153 2941 c.
2188 2892 2259 2946 D..
2289 2890 2407 2945 vat.
2443 2886 2579 2945 Vict.
2614 2888 2711 2949 ed.
2734 2906 2829 2963 nr..

634 2972 781 3043 genii
815 2992 866 3028 v.
906 3001 968 3011 -
1007 2971 1298 3041 aequitatis
1333 2988 1381 3030 c.
1414 2970 1480 3026 D.
1518 2972 1604 3029 ed.
1640 2987 1720 3039 pr.
1751 2988 1821 3041 v..
1853 2972 2155 3041 iniquitatis
2190 2973 2311 3031 Vat.
2348 3004 2415 3015 —
2452 2977 2499 3028 4.
2537 2974 2668 3046 quia
2701 2990 2751 3035 c.
2765 2974 2824 3031 D.

633 3058 759 3115 Vat.
795 3058 877 3114 ed.
913 3074 1019 3128 pr..
1053 3056 1196 3128 quod
1229 3076 1276 3113 v.
1315 3087 1378 3097 —
1414 3058 1671 3113 nuncium
1705 3074 1749 3114 c.
1786 3062 1844 3114 D.
1870 3063 1991 3115 Vat.
2012 3058 2156 3113 Vict.
2186 3059 2270 3117 ed.
2303 3076 2402 3139 pr„
2436 3060 2655 3133 genium,
2690 3062 2737 3119 v.
2768 3090 2822 3102 —

637 3148 689 3203 5.
723 3160 849 3213 ergo
885 3144 1028 3207 c.'D.
1071 3146 1207 3211 vat„
1245 3160 1370 3213 ergo
1404 3144 1560 3203 illum
1594 3144 1679 3201 ed.
1713 3161 1793 3217 pr.
1825 3162 1877 3203 v.
1916 3174 1977 3185 -—
2017 3146 2273 3214 operibus
2312 3140 2357 3201 c.
2389 3148 2505 3203 vat.
2542 3145 2625 3210 ed.
2658 3164 2741 3223 pr.
2764 3165 2825 3213 v..

634 3231 799 3304 opera
833 3231 902 3290 D.
942 3262 1004 3273 -
1081 3232 1131 3287 6.
1165 3230 1454 3286 crediderit
1493 3248 1539 3291 c.
1572 3230 1641 3289 D.
1674 3228 1795 3287 Vat.
1834 3231 1917 3287 ed.
1952 3247 2051 3305 pr„
2108 3231 2433 3289 crediderint
2466 3251 2513 3289 v.
2551 3262 2617 3275 -
2679 3234 2823 3293 imus

633 3318 722 3387 (cf.
755 3319 866 3389 gr.)
899 3333 948 3376 c.
987 3317 1069 3373 ed.
1105 3332 1186 3391 pr.
1220 3334 1286 3383 v„
1319 3317 1430 3372 illis
1448 3317 1515 3371 D.
1536 3317 1659 3373 Vat,
1688 3349 1755 3357 —-
1790 3318 1932 3374 vivet
1964 3335 2007 3374 c.
2026 3318 2089 3373 D.
2109 3317 2251 3385 Vat„
2289 3310 2467 3379 vivent
2484 3320 2565 3383 ed.
2583 3336 2664 3389 pt.
2686 3339 2733 3378 v.
2758 3350 2819 3361 -

774 3408 820 3461 7.
856 3404 946 3459 XI.
985 3404 1052 3459 D.
1091 3434 1158 3445 —
1231 3408 1312 3463 10.
1347 3404 1621 3477 negotium
1654 3418 1700 3457 c.
1732 3404 1793 3461 Β.
1830 3402 1895 3456 D.
1934 3407 2057 3459 vat.
2093 3421 2171 3469 v.,
2204 3404 2487 3460 consilium
2520 3406 2607 3465 ed.
2641 3424 2723 3478 pr.
2745 3435 2818 3473 ¹-

636 3494 722 3550 11.
759 3490 1070 3563 operaberis
1105 3505 1150 3546 c.
1186 3490 1252 3547 D.
1289 3490 1373 3547 ed.
1413 3506 1493 3563 pr.
1531 3507 1577 3547 v.
1593 3532 1607 3558 ‚
1642 3488 1892 3559 operabis
1929 3490 2050 3544 Vat.
2067 3529 2080 3553 ‚
2118 3489 2430 3559 operabitur
2461 3492 2525 3551 L.
2554 3522 2629 3535 -
2664 3509 2815 3565 quem

633 3593 682 3637 c.
719 3576 786 3636 D.
829 3577 970 3642 Vat„
1005 3592 1165 3646 quem
1199 3582 1256 3631 et
1287 3576 1370 3635 illi
1405 3576 1467 3630 B.
1498 3576 1577 3643 L.‚
1615 3591 1721 3645 quo
1756 3574 1837 3630 ed.
1871 3591 1952 3647 pr.
1988 3591 2039 3633 v.
2075 3602 2141 3617 -·-
2177 3580 2248 3631 ut.
2272 3592 2316 3630 c.
2333 3575 2397 3630 D.
2434 3578 2527 3634 ed..
2552 3596 2635 3653 pr.
2672 3598 2741 3649 ν..
2770 3586 2823 3635 et

632 3671 695 3722 ut
726 3664 848 3721 Vat.
887 3695 954 3704 —
1028 3665 1211 3718 13.14.
1244 3662 1303 3718 in
1339 3678 1444 3732 quo
1478 3668 1661 3718 autem
1692 3661 1865 3718 virtus
1900 3677 2009 3716 non
2044 3668 2144 3729 est,
2178 3677 2279 3719 nec
2312 3663 2470 3720 timor
2502 3678 2547 3719 c.
2580 3665 2650 3725 D.
2686 3666 2815 3731 ant„

632 3752 690 3806 in
738 3766 845 3827 quo
879 3754 1066 3806 autem
1097 3748 1267 3806 virtus
1301 3765 1409 3804 non
1445 3755 1557 3814 est,
1606 3748 1656 3802 is
1692 3762 1764 3802 ne
1798 3747 2014 3816 quidem
2046 3748 2316 3807 timendus
2352 3756 2437 3806 est
2467 3769 2553 3817 v.„
2597 3770 2699 3809 om.
2738 3751 2815 3809 ed.

629 3853 712 3906 pr.
748 3866 817 3877 -
888 3839 968 3893 14.
1013 3852 1140 3893 nam
1176 3836 1234 3894 in
1268 3851 1374 3905 quo
1410 3850 1454 3889 c.
1489 3836 1549 3887 D.
1586 3833 1731 3901 Vat„
1762 3833 1821 3889 in
1856 3849 1959 3905 quo
1994 3840 2177 3891 autem
2211 3834 2294 3891 ed.
2328 3852 2431 3909 pr..
2458 3837 2516 3893 in
2550 3855 2657 3907 quo
2696 3853 2813 3896 vem

629 3942 678 3981 v.
719 3956 782 3964 —
856 3927 942 3980 14.
987 3926 1065 3984 15.
1105 3927 1160 3982 et
1193 3922 1354 3980 timor
1388 3921 1446 3977 in
1479 3921 1574 3976 illo
1611 3926 1706 3975 est·
1730 3937 1775 3976 c.
1806 3920 1874 3977 D.
1910 3920 2039 3991 (om.
2076 3923 2185 3991 est)
2220 3914 2346 3979 Vat.
2380 3922 2463 3981 ed.
2495 3940 2605 3993 pr.‚
2660 3926 2813 3981 etiam

625 4010 897 4067 timendus
933 4015 1018 4065 est
1049 4028 1098 4067 v.
1153 4038 1221 4050 --
1294 4010 1376 4067 15.
1423 4013 1479 4063 et
1525 4008 1768 4062 timorem
1810 4007 1976 4066 habet
2012 4022 2059 4066 c.
2093 4007 2163 4066 D.
2196 4006 2325 4064 Vat.
2373 4009 2458 4064 ed.
2490 4026 2601 4079 pr..
2658 4012 2813 4069 etiam

621 4097 895 4155 timendus
940 4102 1024 4152 est
1069 4094 1183 4152 Cot.
1228 4095 1413 4150 Dress,
1463 4093 1539 4163 (is
1575 4094 1776 4165 etiam).
1825 4124 1887 4135 -
1962 4096 2045 4152 1⁷.
2080 4094 2243 4164 plane
2278 4110 2323 4151 c.
2358 4094 2482 4155 Vat.
2518 4096 2601 4152 ed).
2636 4114 2719 4169 pr.
2751 4114 2817 4165 v..

621 4186 788 4255 plana
820 4184 884 4241 D.
923 4214 993 4225 —
1027 4182 1186 4250 enim,
1217 4188 1300 4252 gr.
1337 4176 1448 4241 οὖν.
1483 4181 1605 4239 fort.
1628 4198 1769 4253 ergo.
1799 4212 1853 4223 —
1898 4184 1977 4237 1²9.
2012 4180 2252 4236 notueris
2284 4180 2385 4260 (μὴ’
2405 4187 2575 4261 θέῑης)
2592 4178 2805 4261 emendi,

620 4272 856 4331 volueris
893 4270 1043 4328 codd.
1081 4274 1136 4326 et
1175 4268 1296 4324 edd.
1341 4299 1397 4311 -
2704 4267 2708 4271 ·
