3003 5080
1245 446 1427 504 Mand.
1463 446 1674 506 I—III.
2459 451 2545 518 37

350 625 730 688 daemonium
791 631 898 686 est.
970 640 1277 704 nunquam
1336 623 1397 684 in
1462 642 1608 704 pace
1666 626 1962 703 constitit,
2034 628 2139 689 sed
2194 645 2430 708 semper
2485 627 2547 688 in

352 730 643 793 discordia
684 736 902 792 manet.
950 726 1180 789 abstine
1224 736 1282 789 te
1325 727 1397 788 ab
1441 727 1544 788 illa
1586 736 1645 789 et
1686 749 1921 811 semper
1963 750 2166 812 pacem
2215 730 2366 792 habe
2412 751 2546 792 cum

347 835 532 895 fratre
559 841 685 894 tuo,
717 831 897 892 indue
924 831 1317 892 constantiam
1351 838 1640 906 sanctam,
1684 831 1745 893 in
1773 851 1889 911 qua
1923 835 2087 895 nulla
2118 842 2261 896 sunt
2289 844 2548 915 peccata,

351 936 453 1000 sed
500 936 702 998 omnia
742 937 892 997 laeta
934 943 1112 1012 sunt,
1166 942 1226 996 et
1267 935 1360 996 fac
1401 932 1556 996 bene
1604 935 1677 996 de
1720 935 2023 998 laboribus
2067 938 2202 999 tuis,
2272 938 2549 999 omnibus

349 1040 630 1121 inopibus
673 1041 746 1102 da
791 1038 1154 1119 simpliciter,
1199 1037 1345 1099 nihil
1390 1037 1668 1100 dubitans
1710 1039 1805 1100 cui
1836 1039 1957 1100 deS.
2010 1040 2111 1102 sed
2144 1041 2421 1102 omnibus
2454 1040 2547 1102 da.
2610 1041 2652 1104 5

354 1144 630 1206 omnibus
674 1143 832 1205 enim
876 1142 1021 1204 deus
1066 1141 1189 1203 dari
1234 1141 1362 1203 vult
1405 1143 1479 1202 de
1524 1141 1647 1203 suis
1687 1141 1877 1204 donis.
1924 1143 2024 1223 qui
2068 1162 2210 1225 ergo
2255 1143 2553 1225 accipiunt

352 1247 605 1310 reddent
644 1247 936 1310 rationem
983 1246 1114 1322 deo,
1161 1264 1346 1326 quare
1389 1252 1748 1327 acceperunt
1786 1254 1845 1307 et
1887 1255 1955 1308 ut
1998 1247 2156 1327 quid.
2204 1247 2305 1327 qui
2354 1255 2549 1310 autem

353 1351 650 1433 accipiunt
705 1352 842 1413 ficta
899 1349 1279 1430 necessitate,
1351 1349 1606 1411 reddent
1656 1347 1983 1426 rationem3
2060 1349 2160 1431 qui
2214 1357 2409 1410 autem
2456 1349 2555 1411 dat

352 1457 647 1517 innocens
690 1453 819 1515 erit.
864 1453 1017 1516 sicut
1061 1452 1218 1514 enim
1265 1452 1492 1533 accepit
1533 1472 1568 1514 a
1615 1451 1895 1531 domino,
1967 1453 2361 1515 ministerium
2405 1472 2553 1514 con-

2710 1033 2756 1051 5-

354 1558 670 1621 summavit
724 1556 868 1618 nihil
927 1555 1254 1618 dubitando
1313 1557 1409 1617 cui
1455 1556 1595 1617 dare
1636 1555 1731 1618 cui
1775 1575 1899 1618 non
1946 1557 2104 1619 dare.
2161 1565 2221 1618 et
2262 1556 2401 1618 fecit
2437 1557 2654 1625 hoelo
2705 1583 2743 1602 κ

354 1661 748 1724 ministerium
793 1643 1137 1742 simpliciter
1183 1657 1441 1739 gloriose
1483 1660 1557 1720 ad
1601 1659 1797 1722 deum.
1844 1660 2077 1722 custodi
2118 1679 2261 1742 ergo
2306 1660 2555 1748 manda-

357 1777 482 1829 tum
542 1768 694 1840 hoc,
767 1765 920 1826 sicut
976 1763 1081 1825 tibi
1123 1763 1365 1824 locutus
1407 1781 1581 1837 sum,
1653 1772 1717 1826 ut
1758 1764 2119 1844 poenitentia
2163 1773 2264 1826 tua
2306 1764 2554 1844 simplex
2664 1807 2669 1814 .

355 1869 706 1949 inveniatur,
751 1877 810 1930 et
853 1866 1040 1947 possit
1071 1865 1276 1928 domui
1305 1873 1440 1928 tuae
1469 1865 1623 1929 bene
1650 1867 1795 1943 fieri,
1840 1876 1899 1929 et
1924 1887 2029 1930 cor
2060 1869 2353 1931 mundum
2383 1865 2554 1930 habe.

1116 2064 1614 2136 Mandatum
1662 2069 1819 2138 III.

568 2190 790 2251 Iterum
849 2188 994 2250 mihi
1049 2188 1227 2250 dixit:
1303 2189 1662 2267 „Veritatem
1724 2192 1931 2272 dilige,
2004 2201 2062 2255 et
2120 2192 2315 2254 omnis
2360 2211 2555 2252 sermo
2578 2192 2660 2255 15

356 2313 531 2357 verax
576 2314 647 2355 ex
692 2312 796 2354 ore
842 2301 947 2354 tuo
991 2293 1308 2375 procedat,
1353 2302 1423 2355 ut
1463 2293 1742 2374 spirituS.
1788 2315 1966 2375 quem
2013 2296 2291 2357 dominus
2335 2296 2557 2358 consti-

356 2398 468 2461 tuit
507 2398 568 2458 in
616 2416 794 2459 carne
839 2405 973 2473 tua,
1035 2417 1210 2458 verax
1252 2396 1588 2459 inveniatur
1628 2400 1785 2481 apud
1832 2409 2079 2463 cunctos
2119 2399 2426 2481 homines,
2498 2405 2557 2460 et

360 2503 636 2566 dominus
682 2501 1125 2584 magnificetur,
1174 2501 1276 2582 qui
1320 2501 1482 2564 dedit
1524 2502 1796 2583 spiritum
1843 2503 1903 2564 in
1950 2511 2025 2566 te.
2088 2503 2224 2586 quia
2269 2503 2414 2565 deus
2458 2522 2557 2566 ve-

356 2628 460 2672 rax
518 2617 607 2670 est
665 2608 727 2668 in
784 2606 947 2669 omni
1007 2604 1224 2681 verbo,
1299 2613 1357 2667 et
1402 2624 1526 2667 non
1573 2615 1661 2667 est
1703 2608 2077 2671 mendacium
2124 2608 2186 2669 in
2232 2608 2377 2687 ipso.
2457 2608 2558 2687 qui

349 2700 501 2795 'ergo
545 2712 921 2773 mentiuntur
959 2709 1257 2788 abnegant
1288 2708 1598 2771 dominum
1634 2710 2142 2790 [fraudatoresque
2172 2711 2401 2773 domini
2431 2730 2558 2773 esse
2576 2716 2661 2781 20

348 2816 704 2899 incipiunt]‚
780 2834 904 2876 non
963 2814 1278 2876 reddentes
1337 2812 1448 2874 deo
1508 2814 1879 2896 depositum,
1956 2815 2116 2894 quod
2180 2824 2557 2895 acceperunt.

352 2928 716 3001 acceperunt
777 2916 960 2998 enim?
994 2915 1266 2996 spiritum
1326 2916 1455 2979 sine
1516 2917 1847 2980 mendacio.
1890 2919 2073 2981 -hunc
2114 2918 2163 2979 si
2210 2918 2555 2981 mendacem

490 3077 543 3130 2.
579 3071 791 3128 abstine
837 3083 887 3125 c.
932 3066 999 3124 D.
1039 3065 1166 3126 Vat.
1199 3065 1332 3122 Mss.
1374 3068 1562 3137 Angl.‚
1620 3069 1836 3126 contine
1870 3069 1957 3129 ed.
1990 3086 2070 3141 pr.
2106 3089 2153 3126 v.
2190 3098 2257 3112 —
2329 3075 2381 3127 2.
2415 3073 2467 3129 3.
2505 3076 2561 3126 et

351 3174 568 3231 semper
601 3172 791 3229 pacem
825 3153 966 3237 habe
1000 3169 1124 3210 cum
1157 3152 1330 3208 fratre
1365 3159 1461 3211 tuo
1495 3169 1543 3209 c.
1582 3156 1709 3215 Vat.
1745 3155 1827 3211 ed.
1864 3172 1943 3226 pr.
1980 3174 2027 3211 v.
2042 3197 2055 3222 ‚
2105 3162 2161 3212 et
2194 3172 2383 3226 pacem
2418 3156 2560 3214 habe

350 3262 478 3303 cum
521 3244 694 3300 fratre
748 3247 841 3298 tuo
880 3255 1094 3309 semper
1125 3239 1196 3297 D.
1245 3268 1312 3281 -
1385 3245 1433 3296 4.
1491 3240 1582 3297 fac
1615 3242 1755 3300 bene
1788 3258 1833 3297 c.
1867 3242 1933 3297 D.
1968 3242 2089 3298 Vat.
2109 3278 2125 3309 ,
2178 3244 2315 3301 bene
2350 3242 2441 3298 fac
2475 3243 2559 3298 ed.

351 3350 435 3405 pr.
455 3350 506 3389 v.
541 3362 609 3373 —-
646 3327 977 3386 delatoribus
995 3326 1055 3382 B.
1073 3355 1138 3367 -
1177 3327 1225 3382 6.
1262 3323 1416 3384 donis
1435 3342 1482 3381 c.
1504 3327 1625 3384 Vat.
1648 3329 1731 3385 ed.
1750 3345 1832 3399 pr.
1854 3327 1965 3385 Cot.
1985 3329 2189 3393 Dress.,
2224 3329 2383 3385 bonis
2404 3328 2557 3383 donis

351 3421 454 3485 D.,
489 3417 646 3476 bonis
681 3415 822 3472 Gall.
862 3412 987 3471 Hes.
1024 3442 1091 3453 —
1162 3413 1209 3466 7.
1248 3418 1311 3468 ut
1346 3412 1475 3483 quid
1510 3428 1555 3469 c.
1591 3414 1652 3471 L.
1687 3416 1929 3485 (Dress.)
1963 3415 2088 3476 Vat.
2106 3457 2121 3483 ,
2174 3414 2305 3486 qnid
2339 3416 2433 3482 D..
2487 3415 2559 3470 ad

355 3506 491 3578 quid
523 3504 611 3563 ed.
646 3519 728 3574 pr.
763 3518 814 3557 v.
851 3529 917 3541 -
989 3502 1038 3553 9.
1075 3499 1285 3571 accepit
1319 3513 1369 3556 ο.
1402 3499 1468 3554 D.
1511 3500 1598 3558 ed.
1632 3516 1712 3570 pr.
1748 3520 1816 3568 ι,
1850 3502 2051 3571 accipit
2088 3506 2206 3559 Vat.
2244 3530 2312 3541 -
2353 3504 2435 3565 10.
2467 3502 2559 3556 cui

354 3593 489 3649 dare
525 3590 614 3647 cui
647 3587 924 3646 nonssdare
959 3603 1006 3643 c.
1042 3586 1110 3643 D.
1143 3585 1203 3641 L.
1230 3590 1367 3651 Vat.‚
1403 3585 1491 3642 cui
1533 3586 1691 3643 daret
1724 3593 1781 3643 et
1814 3588 1902 3643 cui
1936 3604 2043 3644 non
2085 3587 2240 3643 daret
2274 3588 2359 3643 ed.
2393 3602 2474 3658 pr.
2492 3606 2559 3652 v..

356 3679 448 3735 cui
497 3677 653 3733 daret
699 3675 864 3731 Fabr.
909 3705 978 3715 —
1065 3677 1146 3728 11.
1195 3670 1511 3740 simpliciter
1553 3673 1786 3743 gloriose
1832 3690 1876 3729 c.
1912 3675 1981 3732 D.
2017 3674 2138 3729 Vat.
2188 3673 2270 3740 ed.
2306 3689 2387 3744 pr.
2426 3673 2558 3739 Cot.‚

355 3763 676 3835 simpliciter
709 3769 766 3818 et
798 3760 1035 3831 gloriose
1067 3759 1254 3815 Dress.
1294 3788 1364 3800 -

502 3854 586 3908 14.
633 3865 736 3905 om.
783 3848 852 3906 D.
904 3876 971 3888 —
1044 3849 1122 3901 16.
1169 3861 1334 3901 verax
1370 3860 1415 3899 c.
1449 3846 1510 3902 B.
1545 3846 1613 3903 D.
1651 3845 1713 3900 L.
1746 3844 1901 3910 Vat„
1954 3857 2115 3897 verus
2152 3842 2233 3898 ed.
2271 3859 2351 3913 pr.
2385 3862 2432 3899 v.
2488 3872 2558 3884 -

362 3940 444 3994 1⁷.
485 3942 707 3993 cunctos
742 3952 790 3991 c.
825 3934 894 3990 D.
931 3933 1018 3989 ed.
1053 3949 1135 4003 pr.
1173 3950 1250 3998 v.‚
1292 3949 1395 3989 om.
1432 3932 1558 3989 Vat.
1598 3960 1657 3972 --
1701 3936 1781 3987 18.
1816 3928 2188 3999 magnificetur
2222 3944 2271 3989 c.
2305 3929 2429 3985 Vat.
2470 3929 2559 3988 ed.

355 4042 441 4098 pr.
474 4042 553 4091 ι,
608 4039 710 4079 om.
745 4025 810 4080 D.
859 4049 910 4066 -
980 4020 1038 4074 in
1071 4025 1126 4074 te
1167 4035 1213 4073 c.
1245 4018 1315 4074 D.
1358 4023 1478 4074 vat.
1516 4018 1597 4084 ed.
1635 4034 1715 4087 pr.
1750 4034 1827 4082 v..
1885 4016 2028 4073 vitae
2069 4014 2129 4071 L.
2168 4047 2235 4056 —
2306 4017 2393 4074 20.
2429 4031 2557 4085 ergo

355 4106 508 4183 (οὖν)
545 4126 590 4167 c.
609 4109 680 4169 D.
715 4127 787 4174 ι,
822 4112 1004 4163 autem
1026 4105 1144 4161 Vat.
1181 4104 1265 4161 ed.
1302 4119 1383 4173 pr.
1419 4136 1482 4143 —
1528 4104 1799 4161 dominum
1835 4118 1881 4157 c.
1904 4105 2032 4159 Vat.
2070 4102 2153 4159 ed.
2191 4118 2272 4172 pr.
2293 4121 2361 4171 v.,
2398 4101 2558 4157 deum

359 4201 431 4256 D.
471 4230 529 4241 —
601 4200 682 4253 20.
721 4199 808 4253 21.
861 4192 1074 4249 uncinis
1118 4192 1329 4247 inclusa
1367 4192 1612 4261 supplevi
1648 4208 1679 4249 e
1710 4190 1855 4259 Pal„
1916 4190 1987 4249 cf.
2022 4206 2101 4261 gr.
2137 4220 2204 4229 -
2272 4191 2357 4247 21.
2411 4186 2554 4258 quod

361 4301 413 4345 c.
447 4285 514 4343 D.
549 4284 637 4344 ed.
669 4298 749 4354 pr.
789 4299 856 4350 v.,
888 4295 1049 4352 quem
1081 4278 1204 4338 Vat.
1239 4308 1307 4320 —
