3003 5080
569 349 656 417 56
683 297 688 302 ¹
1558 345 1768 403 Pastor.

1341 526 1837 599 Mandatum
1890 529 1992 598 X.

785 651 1070 732 ¹„Longe
1125 656 1214 714 fac
1258 672 1292 714 a
1335 661 1392 714 te
1438 671 1678 714 omnem
1724 653 2056 729 tristitiam3
2132 653 2351 715 etenim
2397 653 2542 713 haec
2585 668 2786 711 soror

570 766 658 818 est
699 755 1079 818 dubitationis
1118 763 1177 816 et
1205 756 1607 818 iracundiae“.
1680 757 2103 834 „Quomodo“,
2147 757 2411 837 inquam,
2460 753 2788 831 „domine,

570 880 742 921 soror
785 869 874 921 est
916 857 1175 920 harum?
1236 859 1391 920 aliud
1437 859 1577 919 mihi
1624 859 1852 921 videtur
1901 860 2167 935 tristitia,
2230 859 2389 921 aliud
2434 857 2787 931 iracundia,

505 964 728 1032 5aliud
790 963 1136 1025 dubitatio“.
1213 972 1272 1023 et
1326 961 1434 1022 ait:
1512 963 1693 1038 „Sine
1749 983 1925 1026 sensu
1994 983 2116 1025 non
2163 963 2458 1042 intelligis,
2534 960 2789 1022 tristitia

571 1067 731 1128 enim
788 1067 1058 1128 omnium
1117 1064 1433 1145 spirituum
1494 1066 1749 1143 nequior
1808 1077 1897 1128 est
1939 1077 1997 1129 et
2045 1067 2299 1148 pessima
2344 1065 2525 1127 servis
2569 1065 2675 1126 dei
2730 1073 2792 1126 et

575 1171 844 1232 omnium
903 1169 1142 1250 spiritus
1188 1168 1541 1230 exterminat
1582 1178 1640 1230 et
1677 1169 2034 1233 contribulat
2077 1170 2348 1250 spiritum
2392 1177 2675 1232 sanctum
2729 1176 2795 1228 et

573 1274 790 1335 iterum
821 1273 1051 1334 salvum
1083 1273 1283 1333 facit“.
1334 1271 1561 1352 ‚,Ego“,
1594 1272 1860 1352 inquam,
1903 1274 2205 1352 ‚,domine,
2234 1273 2517 1353 insipiens
2544 1290 2691 1333 sum
2728 1281 2791 1335 et

575 1395 698 1437 non
743 1376 1006 1454 intelligo
1053 1376 1426 1456 quaestiones
1470 1376 1630 1450 istaS.
1679 1379 1981 1456 quomodo
2027 1386 2223 1458 potest
2266 1375 2686 1438 contribulam
2730 1383 2793 1438 et

476 1484 556 1549 10
574 1479 791 1541 iterum
815 1480 1042 1540 salvum
1065 1481 1278 1560 facere,
1304 1498 1427 1540 non
1453 1479 1786 1558 intelligo“.
1836 1481 2090 1557 „Audi“,
2120 1481 2331 1562 inquit,
2360 1487 2460 1558 „et
2484 1479 2787 1559 intellige.

578 1583 638 1644 hi
679 1601 988 1662 nunquam
1049 1583 1455 1662 exquisierunt
1497 1582 1801 1644 veritatem
1850 1601 2043 1662 neque
2087 1582 2485 1662 inquisierunt
2527 1585 2597 1644 de
2648 1603 2789 1646 ma-

577 1685 818 1759 iestate,
891 1687 994 1746 sed
1057 1694 1291 1747 tantum
1352 1687 1731 1748 crediderunt
1786 1697 1843 1748 et
1902 1696 2045 1747 sunt
2093 1687 2342 1747 involuti
2399 1687 2460 1748 in
2520 1687 2790 1767 negotiis

579 1799 638 1850 et
713 1789 924 1850 divitiis
982 1789 1294 1850 hominum
1354 1790 1727 1852 ethnicorum
1789 1800 1848 1852 et
1907 1789 2037 1850 aliis
2095 1789 2297 1850 multis
2358 1790 2536 1851 rebus
2592 1791 2791 1851 huius

579 1894 781 1955 seculi.
853 1913 975 1954 non
1032 1893 1374 1972 intelligunt
1425 1893 1799 1973 quaestiones
1859 1893 2194 1954 divinitatis
2258 1893 2663 1954 obscurantur
2713 1913 2787 1954 ex

480 1999 563 2065 15
581 1997 671 2058 his
719 1998 967 2076 negotiis
1011 2004 1071 2057 et
1115 2005 1585 2076 corrumpuntur
1632 2004 1689 2058 et
1734 1997 2219 2076 confringuntur.
2277 1997 2433 2057 sicut
2476 1997 2623 2058 vites
2672 1996 2789 2057 bo-

584 2121 694 2162 nae
755 2120 904 2180 quae
964 2101 1381 2179 negliguntur,
1457 2099 1529 2161 ab
1588 2101 1786 2162 herbis
1831 2109 1889 2161 et
1933 2099 2117 2180 spinis
2160 2108 2517 2180 premuntur
2562 2109 2623 2162 et
2668 2119 2787 2161 no-

584 2213 830 2278 centur,
872 2205 986 2270 ‚sic
1030 2213 1089 2265 et
1132 2205 1407 2265 homines
1453 2203 1557 2282 qui
1604 2203 1986 2265 crediderunt
2027 2203 2089 2264 in
2136 2203 2383 2284 negotiis
2428 2213 2487 2265 et
2531 2204 2791 2266 actioni-

582 2307 695 2369 bus
737 2308 937 2370 multis
977 2307 1318 2369 inciderunt
1362 2316 1421 2368 et
1463 2315 1789 2370 evocantur
1834 2327 1865 2368 a
1913 2326 2091 2368 sensu
2122 2326 2238 2368 suo
2263 2314 2321 2368 et
2344 2307 2493 2369 nihil
2518 2308 2784 2370 omnino

583 2411 947 2492 intelligunt,
1013 2412 1085 2472 de
1131 2411 1341 2473 divitiis
1388 2420 1647 2491 agentes.
1693 2411 1796 2472 sed
1841 2411 1888 2472 si
1934 2412 2171 2491 quando
2214 2411 2510 2472 audierint
2549 2412 2625 2473 de
2672 2413 2788 2473 do-

481 2518 566 2584 20
583 2514 784 2597 minc,
839 2533 1050 2577 sensus
1094 2535 1301 2578 eorum
1345 2515 1407 2577 in
1453 2513 1706 2595 negotiis
1748 2515 2017 2596 ipsorum
2060 2523 2169 2577 est.
2212 2513 2313 2595 qui
2360 2522 2554 2579 autem
2598 2515 2786 2577 timo-

723 2654 772 2708 1.
807 2651 974 2705 XIIII.
1011 2650 1079 2703 D.
1118 2681 1186 2690 —
1257 2653 1304 2705 3.
1340 2649 1645 2719 Quomodo,
1694 2649 1943 2718 inquam,
1981 2650 2195 2705 domine
2231 2666 2275 2705 c.
2310 2650 2433 2705 Vat.
2474 2645 2557 2707 ed.
2593 2666 2677 2719 pr.
2718 2670 2785 2714 v.‚

577 2738 824 2804 Domine,
859 2737 1138 2807 quomodo,
1173 2738 1394 2807 inquam
1428 2737 1494 2792 D.
1531 2768 1598 2777 -
1669 2740 1715 2791 6.
1752 2736 1979 2804 nequior
2014 2741 2099 2791 est
2134 2743 2187 2791 et
2214 2736 2457 2807 'pessima
2492 2754 2537 2795 c.
2556 2740 2616 2792 D.
2641 2737 2785 2801 vat,

578 2826 818 2893 nequior.
852 2830 908 2878 et
953 2824 1190 2893 pessima
1240 2826 1415 2894 (est‘3)
1459 2824 1547 2889 L.‚
1603 2824 1968 2892 nequissimus
2018 2829 2102 2878 est
2151 2827 2207 2878 et
2251 2824 2521 2892 pessimus
2556 2824 2645 2878 ed.
2682 2839 2784 2893 pn,

578 2910 944 2979 nequissimus
995 2917 1082 2965 est
1127 2916 1181 2966 et
1227 2910 1464 2979 pessima
1515 2927 1563 2962 v.
1618 2940 1687 2950 —-
1760 2911 1807 2965 7.
1858 2908 2185 2966 contribulat
2218 2924 2261 2961 c.
2297 2909 2363 2963 D.
2397 2910 2519 2965 Vat.
2557 2908 2643 2967 ed.
2681 2924 2783 2979 pr„

580 2996 789 3051 cruciat
821 3014 868 3050 v.
909 3025 970 3035 —
1043 3002 1090 3051 9.
1126 3000 1306 3065 potest
1340 2995 1700 3050 contribulare
1734 3010 1782 3052 c.
1820 3000 1877 3051 D.
1912 2994 2035 3050 Vat.
2072 2994 2153 3049 ed.
2188 3010 2266 3064 pr.
2281 3036 2295 3061 ,
2329 2996 2505 3064 possit
2534 2994 2783 3051 cruciare

581 3100 628 3137 v.
666 3112 734 3121 -
808 3084 887 3143 11.
941 3082 997 3135 hi
1039 3100 1082 3137 c.
1120 3087 1183 3139 D.
1219 3082 1368 3147 Vat,
1419 3082 1462 3136 ii
1496 3082 1590 3151 qui
1627 3083 1707 3138 ed.
1745 3099 1856 3153 pn,
1911 3081 1969 3134 hi
2006 3081 2099 3151 qui
2132 3100 2178 3136 v.
2216 3110 2282 3121 -
2361 3084 2438 3137 12.
2474 3086 2529 3136 et
2564 3088 2697 3136 sunt
2736 3095 2782 3134 c.

583 3168 642 3224 C.
680 3170 804 3225 Vat.
839 3166 995 3232 vict,
1033 3173 1089 3222 et
1123 3183 1232 3223 non
1273 3172 1399 3222 sunt
1434 3168 1517 3233 Ι).,
1552 3176 1679 3224 sunt
1712 3170 1795 3224 ed.
1829 3184 1923 3237 pr:
1948 3187 1997 3223 v.
2036 3200 2104 3207 —
2144 3166 2366 3222 involuti
2402 3182 2446 3222 c.
2481 3172 2541 3225 D.
2578 3168 2663 3223 ed.
2701 3182 2782 3236 pr.

581 3272 657 3318 v.,
694 3253 863 3307 voluti
897 3254 1021 3310 Vat.
1056 3284 1122 3293 ——
1197 3256 1277 3309 13.
1317 3260 1372 3308 et
1406 3254 1607 3309 divitiis
1640 3270 1685 3310 c.
1721 3256 1779 3309 G.
1814 3260 1874 3309 D.
1910 3256 2034 3309 Vat.
2072 3254 2210 3309 Vict.
2246 3253 2329 3308 ed.
2358 3270 2437 3323 pr.
2456 3294 2468 3318 ,
2504 3270 2605 3310 om.
2643 3272 2694 3309 v.
2714 3282 2779 3292 —

583 3338 786 3393 divitiis
825 3338 932 3392 omi
980 3340 1253 3395 hominum
1293 3342 1414 3396 Vat.
1449 3371 1516 3380 —
1564 3340 1915 3399 ethnicorum.
1952 3342 2010 3395 in
2044 3340 2195 3397 codd.
2235 3346 2291 3395 et
2324 3340 2442 3395 edd.
2480 3346 2782 3409 sequuntur

582 3440 722 3496 quae
758 3425 829 3479 ad
857 3424 1142 3481 Mand.XI.
1176 3444 1229 3496 p.
1255 3429 1336 3491 59,
1357 3429 1544 3491 5—60,
1566 3431 1593 3480 7
1630 3428 1925 3497 pertinent:
1958 3433 2014 3483 et
2046 3428 2187 3483 alius
2222 3428 2453 3483 mendax
2489 3427 2781 3497 prophetes

579 3518 666 3567 est
697 3541 762 3551 —
799 3512 1038 3579 loquitur
1072 3513 1368 3568 secundum
1403 3503 1743 3570 desiderium.
1785 3544 1849 3553 —
1888 3519 1943 3568 et
1976 3514 2031 3569 in
2067 3514 2191 3570 aliis
2226 3513 2309 3572 ed.
2345 3530 2425 3584 pr.
2448 3543 2515 3553 —-
2553 3514 2634 3566 14.
2672 3528 2778 3569 non

578 3598 885 3671 intelligunt
919 3613 962 3653 c.
1000 3599 1058 3652 B.
1095 3603 1156 3653 D.
1193 3599 1252 3655 L.
1287 3601 1438 3664 Vat.‚
1493 3600 1803 3656 huiusmodi
1858 3618 1968 3657 non
2014 3591 2322 3670 intelligunt
2368 3600 2450 3656 ed.
2498 3615 2577 3670 pr.
2628 3617 2678 3654 v.
2712 3628 2776 3641 --

580 3685 902 3740 obscuratur
937 3685 1061 3739 Vat.
1119 3716 1186 3726 --
1259 3689 1341 3744 14.
1395 3690 1476 3743 15.
1525 3702 1591 3753 ex
1634 3685 1723 3740 his
1769 3702 1813 3741 c.
1848 3688 1914 3741 D.
1950 3688 2102 3751 Vat,
2158 3688 2303 3741 enim
2336 3702 2404 3741 ex
2436 3686 2524 3739 his
2560 3686 2645 3743 ed.
2680 3700 2775 3755 pr„

580 3770 722 3826 enim
757 3770 826 3825 iis
861 3788 910 3825 v.
952 3803 1021 3811 —
1074 3772 1157 3825 16.
1198 3774 1276 3827 17.
1311 3777 1574 3829 nocentur
1608 3788 1653 3827 c.
1689 3771 1749 3830 G.
1782 3776 1840 3826 D.
1859 3773 1979 3829 Vat.
2001 3773 2159 3840 vict„
2194 3778 2457 3829 necantur
2491 3772 2574 3828 ed.
2612 3788 2697 3840 pr.
2732 3788 2775 3824 v.

581 3886 643 3895 -
686 3862 766 3913 17.
805 3858 895 3927 qui
930 3858 1276 3914 crediderunt
1310 3876 1353 3914 e.
1389 3863 1449 3914 D.
1485 3860 1630 3924 vat„
1666 3857 1755 3927 qui
1792 3860 1991 3914 talibus
2026 3858 2371 3915 crediderunt
2407 3858 2493 3916 ed.
2527 3875 2608 3927 pr.
2644 3878 2773 3915 v.-

577 3944 636 3999 in
668 3961 717 4001 c.
752 3944 821 4001 D.
858 3945 943 3999 ed.
976 3962 1076 4015 pr„
1112 3944 1152 3997 ii
1195 3945 1392 4015 (Vat‘?)
1426 3963 1477 4001 v.
1520 3974 1580 3983 -
1627 3946 1708 4001 18.
1746 3950 2037 4001 evocantur
2064 3942 2524 4014 (ἀποπλανῶνται)
2561 3959 2603 3998 c.
2625 3944 2773 4006 vict..

580 4036 912 4085 evacuantur
945 4035 1004 4085 D.
1045 4033 1174 4089 Vat.
1211 4030 1295 4085 ed.
1334 4045 1415 4098 pr.
1451 4048 1499 4085 v.
1538 4058 1605 4070 —-
1678 4032 1756 4085 19.
1794 4037 2017 4099 agentes
2051 4048 2097 4087 c.
2132 4036 2189 4086 D.
2220 4031 2279 4087 L.
2302 4028 2447 4098 Vat,
2480 4030 2769 4100 cogitantes

463 4139 472 4147 ·
580 4116 663 4172 ed.
698 4133 778 4189 pr.
810 4135 858 4172 v.
896 4151 965 4162 —
1035 4120 1118 4173 20.
1153 4118 1211 4172 in
1246 4116 1475 4185 negotiis
1510 4116 1748 4191 ipsorum
1785 4123 1887 4177 est.
1923 4118 2015 4187 qui
2048 4123 2231 4173 autem
2268 4117 2515 4175 timorem
2550 4133 2661 4174 om..
2692 4115 2767 4193 ed.

579 4219 658 4273 pr.
699 4233 760 4244 -—
796 4203 1041 4273 ipsorum
1069 4221 1114 4260 c.
1150 4204 1215 4259 D.
1253 4221 1318 4269 v.,
1357 4202 1543 4258 eorum
1574 4205 1700 4263 vat.
1739 4204 1794 4243 ‘-—
2049 4204 2055 4209 '
2242 4198 2273 4207 “’
2330 4202 2335 4209 '
2512 4196 2518 4203 ’
