3003 5080
521 318 608 382 24
1516 317 1729 374 Pastor.

523 488 706 553 Fidei.
752 491 1021 571 quisquis
1065 509 1206 570 ergo
1251 501 1492 553 secutus
1539 492 1717 554 fuerit
1757 493 1945 566 illam,
1993 490 2132 552 felix
2176 492 2276 552 fiet
2318 489 2379 551 in
2426 490 2541 551 vita
2584 506 2716 561 sua,

527 593 812 673 quoniam
885 594 958 654 ab
1023 593 1299 654 omnibus
1357 594 1636 674 operibus
1695 596 1862 657 malis
1920 593 2239 655 abstinebit
2296 613 2391 667 se,
2467 593 2717 654 credens

529 696 812 776 quoniam
855 697 904 756 si
947 695 1295 757 abstinuerit
1339 715 1402 757 se
1449 697 1521 757 ab
1568 699 1731 758 omni
1774 695 2281 775 concupiscentia,
2351 697 2559 757 haeres
2602 695 2718 756 erit

529 799 684 860 vitae
729 802 1060 860 aeternae“.
1137 799 1418 874 „Ceterae
1450 810 1669 875 autem,
1714 800 1971 872 domina,
2016 799 2279 878 quinque
2309 816 2459 877 quae
2486 803 2665 860 sunt“
2684 797 2727 858 7.

470 893 751 975 5„Filiae
789 900 1142 962 alterutrum
1170 909 1330 976 sunt,
1376 911 1619 964 vocatur
1648 911 1843 964 autem
1870 903 2157 981 quaedam
2182 901 2559 988 Simplicitas,
2604 901 2721 961 alia

531 1003 912 1083 Innocentia,
973 1003 1084 1063 alia
1135 1002 1447 1079 Modestia,
1494 1006 1605 1066 alia
1650 1004 1997 1084 Disciplina,
2042 1003 2151 1064 alia
2195 1011 2387 1064 autem
2433 1002 2720 1064 Caritas“.

533 1125 670 1166 cum
747 1125 888 1184 ergo
951 1106 1320 1167 servaveritis
1379 1127 1559 1188 opera
1616 1107 1819 1167 matris
1882 1125 2123 1186 earum,
2197 1104 2393 1165 omnia
2449 1097 2721 1184 poteritis

531 1209 893 1270 custodire“.
999 1208 1184 1284 „Volo
1262 1210 1442 1291 scire,
1518 1209 1790 1282 domina,
1862 1228 2011 1288 quae
2087 1226 2266 1288 quam
2340 1227 2542 1269 earum
2615 1210 2725 1269 ha-

533 1309 673 1372 beat
733 1311 1070 1371 virtutem“.
1175 1313 1428 1394 „Audi“‚
1495 1313 1724 1392 inquit,
1796 1312 2083 1393 „virtutes
2139 1311 2414 1389 aequales
2472 1311 2719 1384 habent,

440 1406 820 1474 10tenentur
866 1423 1065 1474 autem
1113 1415 1184 1474 ab
1225 1415 1476 1476 invicem
1521 1415 1767 1475 virtutes
1810 1432 2012 1475 earum
2060 1422 2119 1474 et
2160 1423 2495 1492 sequuntur
2526 1433 2589 1474 se
2628 1413 2725 1473 in-

539 1514 746 1595 vicem,
791 1515 945 1576 sicut
987 1525 1158 1578 natae
1201 1526 1362 1579 sunt.
1410 1536 1481 1578 ex
1520 1517 1661 1578 Fide
1706 1517 1967 1577 nascitur
1995 1514 2383 1588 Abstinentia,
2425 1515 2499 1576 de
2531 1515 2729 1576 Absti-

541 1616 746 1677 nentia
801 1617 1156 1697 Simplicitas
1189 1666 1204 1694 ,
1276 1621 1348 1681 de
1393 1619 1773 1698 Simplicitate
1818 1618 2193 1698 Innocentia,
2261 1617 2333 1678 de
2376 1617 2729 1679 Innocentia

541 1717 859 1792 Modestia,
914 1721 986 1782 de
1029 1722 1310 1784 Modestia
1356 1721 1672 1800 Disciplina
1716 1732 1775 1782 et
1820 1721 2060 1782 Caritas
2102 1721 2315 1780 harum
2361 1739 2501 1800 ergo
2548 1740 2733 1801 opera

545 1829 747 1884 sancta
792 1832 851 1885 et
889 1825 1104 1904 pudica
1150 1835 1209 1888 et
1249 1834 1408 1887 recta
1449 1834 1609 1886 sunt.
1656 1824 1997 1904 quicunque
2041 1841 2183 1902 ergo
2228 1823 2491 1883 servierit
2532 1823 2623 1904 his
2666 1834 2731 1884 et

449 1919 530 1985 15
549 1924 862 1989 invaluerit
915 1939 1117 1990 tenere
1170 1948 1348 2008 opera
1406 1946 1610 1990 earum
1630 1973 1645 2001 ,
1718 1927 1779 1988 in
1839 1925 1990 1988 turri
2046 1925 2283 1987 habebit
2324 1925 2730 1987 habitaculum

549 2045 686 2087 cum
729 2029 945 2090 sanctis
991 2031 1145 2090 dei“.
1187 2029 1547 2108 interrogavi
1592 2049 1720 2090 eam
1770 2031 1841 2091 de
1884 2028 2286 2108 temporibuS,
2332 2027 2379 2087 si
2422 2028 2535 2088 iam
2583 2046 2732 2089 con-

546 2131 862 2191 summatio
907 2132 1038 2194 est?
1081 2132 1180 2192 illa
1226 2141 1422 2194 autem
1470 2132 1815 2193 exclamavit
1852 2150 1994 2193 voce
2036 2149 2251 2209 magna
2296 2129 2527 2190 dicens:
2590 2132 2732 2206 „In-

541 2241 782 2316 ‚sensate
836 2236 1052 2315 homo,
1129 2254 1333 2296 nonne
1387 2235 1547 2296 vides
1605 2234 1818 2295 turrim
1864 2253 2045 2314 super
2091 2231 2423 2294 aedificari?
2488 2234 2731 2312 quando

549 2352 690 2413 ergo
736 2347 1142 2398 consummata
1188 2338 1364 2398 fuerit
1408 2337 1587 2398 turris
1630 2345 1690 2398 et
1730 2337 2064 2417 aedificata,
2121 2337 2297 2398 habet
2339 2338 2553 2411 finem,
2624 2337 2732 2397 sed

445 2437 532 2502 20
552 2446 611 2498 et
661 2437 776 2498 cito
838 2440 1368 2501 consummabitur.
1427 2440 1550 2500 noli
1604 2459 1701 2502 me
1752 2440 2007 2520 amplius
2058 2440 2431 2517 interrogare
2486 2437 2729 2517 aliquid.

689 2626 736 2681 1.
779 2624 937 2680 Fidei
985 2618 1108 2694 (τῆς
1152 2626 1415 2693 Πίστεως)
1461 2642 1509 2681 c.
1546 2624 1631 2681 ed.
1666 2640 1747 2693 pr.
1780 2640 1858 2691 v.,
1912 2626 2001 2682 dei
2034 2626 2099 2679 D.
2135 2624 2256 2679 Vat.
2296 2654 2359 2665 —
2397 2624 2641 2694 quisquis
2680 2642 2726 2680 c.

545 2711 668 2765 Vat.
706 2712 786 2765 ed.
824 2728 908 2781 pr.
942 2730 992 2768 v.
1009 2752 1022 2776 ‚
1057 2711 1362 2779 quicunque
1396 2711 1465 2768 D.
1499 2739 1566 2752 —
1600 2710 1695 2766 flet
1727 2713 1976 2782 (γίνεται)
2010 2726 2055 2767 c.
2091 2710 2174 2764 ed.
2210 2726 2291 2779 pr.
2333 2728 2411 2776 v.,
2456 2710 2553 2765 fiat
2584 2710 2731 2777 Vat„

545 2797 652 2850 erit
681 2797 745 2849 D.
786 2826 850 2875 .‘·‘'
919 2801 970 2853 2.
1005 2798 1256 2866 operibus
1290 2814 1334 2851 c.
1373 2798 1493 2853 Vat.
1530 2796 1613 2852 ed.
1648 2812 1727 2865 pr.
1761 2814 1839 2862 v.,
1896 2796 2075 2866 operis
2106 2796 2174 2849 D.
2219 2824 2276 2837 -
2340 2796 2633 2851 abstinebit
2668 2812 2730 2850 se

545 2884 844 2951 (ἀφέξεται)
893 2898 939 2937 c.
977 2882 1072 2948 D.,
1123 2883 1417 2937 abstinebit
1457 2882 1579 2937 Vat.
1616 2882 1699 2935 ed.
1735 2897 1813 2949 pr.
1849 2898 1897 2935 v.
1951 2910 2019 2921 -
2080 2879 2307 2935 credens
2344 2896 2390 2937 c.
2425 2881 2491 2935 D.
2528 2882 2611 2935 ed.
2644 2897 2727 2949 pr.

544 2968 662 3023 Cot.
683 3009 696 3031 ‚
757 2967 982 3023 credens
1029 2974 1209 3022 autem
1251 2968 1378 3025 Vat.
1430 2968 1615 3021 Dress.
1661 2996 1727 3006 -
1796 2970 1844 3021 3.
1898 2966 2147 3035 quoniam
2180 2982 2229 3022 c.
2264 2967 2327 3020 D.
2368 2967 2492 3024 Vat.
2526 2968 2731 3031 Dress.‚

545 3054 691 3122 quod
725 3053 807 3107 ed.
843 3070 923 3121 pr.
959 3072 1004 3107 v.
1048 3081 1109 3094 -
1147 3053 1472 3108 abstinuerit
1506 3068 1565 3107 se
1601 3068 1645 3105 c.
1681 3053 1746 3106 D.
1786 3053 1907 3109 Vat.
1941 3054 2127 3107 Dress.
2144 3092 2158 3115 ‚
2195 3068 2254 3106 se
2289 3052 2611 3108 continuerit
2645 3052 2731 3107 ed.

542 3154 624 3207 pr.
658 3137 768 3192 Cot.
803 3168 868 3178 -
939 3142 985 3191 4.
1026 3139 1242 3194 domina
1275 3152 1320 3191 c.
1357 3138 1421 3193 D.
1445 3138 1569 3195 Vat.
1606 3139 1687 3195 ed.
1722 3155 1788 3208 pr
1808 3179 1821 3202 ,
1860 3139 2094 3206 inquam,
2131 3138 2347 3193 domina
2381 3156 2427 3193 v.
2472 3168 2529 3183 --
2568 3141 2615 3192 5.
2650 3138 2733 3193 al·

540 3229 806 3279 terutrum
839 3224 1120 3293 (ἀλλήλων)
1156 3240 1202 3279 c.
1240 3223 1306 3279 D.
1341 3224 1466 3281 Vat.
1483 3264 1496 3288 ‚
1530 3224 1733 3293 inquit,
1765 3224 1991 3279 invicem
2030 3223 2116 3278 ed.
2151 3239 2233 3292 pr.
2271 3241 2319 3278 v.
2362 3250 2425 3263 -
2462 3226 2511 3280 6.
2548 3229 2733 3285 autem

541 3326 586 3365 c.
629 3310 749 3365 Vat.
789 3310 871 3365 ed.
907 3326 987 3379 pr.
1020 3328 1094 3374 v.,
1155 3326 1255 3365 om.
1293 3307 1361 3367 D.
1405 3340 1474 3351 —
1547 3311 1595 3365 7.
1636 3308 1975 3365 servaveritis
2010 3314 2267 3379 (ποιήσῃς)
2304 3325 2349 3363 c.
2375 3309 2450 3381 j).
2486 3309 2605 3364 Vat.
2644 3310 2729 3364 ed.

538 3390 639 3465 Ρη,
677 3396 975 3451 servaveris
1008 3412 1058 3447 v.
1096 3423 1168 3435 --
1200 3394 1448 3463 poteritis
1483 3412 1531 3452 c.
1567 3396 1631 3450 D.
1669 3397 1794 3451 Vat.
1830 3395 1914 3452 ed.
1950 3410 2048 3463 pr„
2081 3394 2287 3463 poteris
2320 3412 2367 3449 v.
2403 3426 2473 3436 -
2507 3398 2557 3450 8.
2594 3395 2732 3451 Volo

536 3499 583 3539 c.
618 3481 685 3537 D.
727 3482 847 3538 Vat.
887 3481 968 3537 ed.
1005 3496 1114 3548 pr„
1171 3481 1429 3537 Volebam
1466 3500 1515 3537 v.
1549 3510 1614 3521 -
1682 3496 1821 3550 quae
1870 3496 2030 3551 quam
2077 3484 2175 3545 (τίς
2223 3482 2370 3549 τίνα)
2406 3495 2452 3537 c.
2488 3480 2553 3534 D.
2588 3481 2731 3546 Vah,

537 3584 698 3638 quam
742 3583 988 3637 quaeque
1041 3567 1124 3621 ed.
1157 3584 1237 3636 pr.
1274 3585 1325 3624 v.
1355 3598 1423 3607 --
1469 3582 1657 3621 earum
1692 3582 1739 3621 c.
1777 3566 1901 3623 Vat.
1939 3566 2021 3621 ed.
2057 3581 2135 3636 pr.
2171 3585 2217 3620 v.
2234 3607 2248 3631 ‚
2309 3566 2526 3621 illarum
2559 3566 2624 3622 D.
2663 3594 2731 3607 -—

537 3654 623 3708 10.
661 3658 913 3707 tenentur
945 3659 1130 3707 autem
1164 3654 1234 3709 ab
1265 3653 1493 3709 invicem
1529 3670 1575 3708 c.
1612 3652 1679 3707 D.
1700 3653 1841 3717 Vat.‚
1874 3666 2146 3708 connexae
2182 3658 2365 3707 autem
2398 3652 2470 3709 ad
2503 3651 2732 3708 invicem

535 3744 664 3792 sunt
709 3736 792 3791 ed.
837 3753 920 3807 pr.
953 3756 1003 3790 v.
1053 3768 1122 3779 --
1194 3741 1277 3792 15.
1327 3738 1615 3793 invaluerit
1662 3740 1895 3809 (ἰσχύσῃ)
1942 3756 1987 3793 c.
2021 3738 2084 3791 B.
2124 3736 2181 3791 C.
2221 3735 2288 3795 D.
2324 3738 2387 3794 L.
2424 3739 2547 3799 vat.
2584 3738 2729 3797 Vict.

532 3823 749 3887 Dress.,
807 3823 1039 3878 voluerit
1081 3822 1162 3877 ed.
1210 3839 1292 3891 pr.
1327 3841 1373 3879 v.
1412 3853 1478 3864 —
1528 3824 1665 3877 turri
1712 3838 1759 3875 c.
1797 3823 1861 3879 D.
1900 3824 1985 3877 ed.
2022 3840 2101 3894 pr.
2134 3841 2213 3888 v.,
2274 3824 2465 3879 turrim
2501 3823 2624 3881 Vat.
2664 3854 2727 3865 -·

535 3913 617 3963 16.
655 3923 775 3963 eam
809 3922 853 3961 c.
889 3908 1009 3963 Vat.
1048 3908 1132 3964 ed.
1166 3925 1249 3978 pr.
1289 3909 1494 3975 Dress.‚
1530 3910 1680 3965 illam
1712 3909 1779 3963 D.
1822 3908 1937 3965 Cot.
1972 3938 2039 3949 —
2110 3911 2189 3963 18.
2228 3924 2393 3977 super
2428 3914 2558 3976 (ἔτι)
2594 3927 2641 3965 c.
2662 3910 2729 3967 D.

533 3994 686 4056 vat„
747 4007 958 4061 semper
1008 3994 1088 4049 ed.
1125 4010 1205 4064 pr.
1245 4011 1292 4048 v.
1342 4026 1408 4037 --
1481 3996 1566 4051 19.
1602 3994 1769 4049 fuerit
1804 4008 1848 4047 c.
1882 3994 1950 4049 D.
1988 3995 2073 4052 ed.
2111 4010 2191 4061 pr.
2232 4013 2307 4059 ι,
2361 4012 2460 4049 om.
2495 3995 2621 4051 Vat.
2668 4026 2727 4035 —

535 4080 620 4133 20.
677 4092 762 4133 me
813 4078 1045 4147 amplius
1091 4094 1135 4131 c.
1182 4080 1304 4136 Vat.
1355 4078 1436 4136 ed.
1471 4095 1555 4149 pr.
1587 4097 1668 4143 v.‚
1703 4080 1935 4149 amplius
1982 4094 2068 4133 me
2104 4078 2171 4137 D.
2208 4112 2275 4121 ——
2326 4080 2530 4149 aliquid
2576 4096 2625 4138 c.
2663 4081 2727 4135 D.
