3003 5080
1122 448 1294 506 Simil.
1328 446 1396 515 X,
1432 448 1478 503 1.
1517 450 1566 503 2.
2332 446 2447 513 161

258 617 420 679 hon'o
468 618 706 700 negotio
753 630 811 685 te
855 634 1155 704 sequetur.
1199 622 1601 688 maturitatem
1644 620 1821 684 huius
1864 628 1924 683 et
1966 618 2314 684 modestiam
2356 641 2457 684 su-

259 722 418 802 scipe
461 722 520 784 in
565 731 625 784 te
669 735 727 787 et
772 726 864 787 dic
911 730 1220 804 omnibm,
1264 730 1323 790 in
1371 744 1591 807 magno
1635 726 1868 788 honore
1912 744 2041 787 esse
2086 744 2221 787 eum
2268 733 2327 788 et
2369 725 2457 785 di-

258 823 480 903 gnitate
552 828 709 908 apud
773 828 1082 893 dominum
1143 844 1201 894 et
1264 847 1515 912 magnae
1570 829 1879 909 potestatis
1932 847 2066 891 eum
2128 828 2456 908 praesidem

259 946 388 989 esse
447 937 506 990 et
564 938 864 1010 potentem
927 934 987 995 in
1051 936 1246 997 officio
1307 954 1439 997 suo.
1504 933 1645 995 huie
1696 932 1809 993 soli
1860 951 1968 1012 per
2011 939 2201 993 totum
2248 930 2454 993 orbem

257 1029 657 1111 poenitentiae
719 1034 988 1115 potestas*
1042 1037 1258 1100 tributa
1301 1045 1410 1100 est.
1471 1043 1813 1118 potestasne
1856 1035 2089 1097 videtur
2131 1033 2236 1096 tihi
2280 1029 2513 1097 esse?5

256 1134 362 1195 sed
407 1154 512 1196 vos
558 1139 956 1202 maturitatem
1003 1141 1180 1204 huius
1225 1152 1283 1204 et
1326 1139 1767 1214 verecundiam,
1810 1156 1987 1219 quam
2031 1138 2095 1199 in
2126 1156 2231 1199 vos
2260 1137 2454 1213 hahet,

257 1237 617 1319 despicitis“.

479 1340 660 1407 ²dieo
705 1344 792 1407 ei:
869 1346 1217 1427 „Interroga
1261 1347 1494 1426 ipsum,
1554 1345 1830 1428 domine,
1889 1362 1960 1407 ex
2002 1362 2121 1423 quo
2165 1343 2225 1403 in
2274 1343 2451 1427 domo

257 1462 388 1509 mea
434 1454 557 1522 est,
600 1467 756 1509 anne
798 1449 1016 1530 aliquid
1062 1461 1225 1512 extra
1271 1450 1540 1511 ordinem
1588 1450 1860 1525 fecerim,
1903 1467 1974 1510 ex
2019 1465 2137 1527 quo
2182 1464 2317 1508 eum
2363 1447 2453 1506 of-

259 1548 614 1611 fenderim“.
707 1538 821 1629 ,Et
863 1555 1039 1633 ego“,
1085 1553 1296 1633 inquit,
1343 1554 1505 1630 „seio
1547 1553 1693 1615 nihil
1740 1562 1901 1615 extra
1942 1550 2212 1611 ordinem
2245 1550 2451 1612 fecisse
2472 1544 2552 1608 10

257 1659 316 1713 te
346 1671 542 1733 neque
569 1654 886 1716 facturum.
912 1666 972 1718 et
998 1656 1130 1718 ideo
1156 1657 1372 1738 loquor
1393 1667 1610 1731 tecum,
1636 1665 1703 1719 ut
1724 1670 2087 1735 perseveres»,
2116 1654 2270 1715 bene
2292 1652 2449 1714 enim

258 1754 332 1816 de
379 1764 436 1817 te
475 1756 571 1817 hic
601 1758 756 1837 apud
788 1777 882 1819 me
911 1759 1280 1821 existimavit.
1327 1770 1394 1821 tu
1427 1769 1624 1823 autem
1656 1760 1864 1821 ceteris
1890 1759 2034 1820 haec
2065 1756 2241 1819 verba
2274 1757 2451 1832 dieeS,

259 1866 326 1919 ut
369 1867 428 1919 et
469 1858 576 1934 illi,
615 1861 717 1939 qui
763 1870 1018 1942 egerunt
1056 1870 1159 1925 aut
1189 1864 1380 1925 acturi
1408 1873 1551 1925 sunt
1578 1844 2025 1945 poenitentiam,
2070 1862 2275 1923 eadem
2302 1879 2453 1941 quae

259 1970 325 2022 tu
368 1962 663 2039 sentiant,
707 1971 768 2025 et
812 1963 908 2026 hic
951 1964 1109 2045 apud
1151 1985 1248 2028 me
1291 1965 1444 2028 hene
1488 1967 1561 2028 de
1604 1967 1696 2028 his
1739 1966 2194 2047 interpretetur,
2238 1973 2297 2025 et
2340 1980 2449 2042 ego

258 2065 417 2145 apud
475 2066 845 2129 dominum“.
938 2066 1052 2145 „Et
1105 2073 1278 2150 eg0“,
1352 2069 1629 2150 inquam,
1699 2068 1904 2146 „omni
1962 2066 2190 2128 homini
2252 2062 2551 2127 indicol5

257 2169 550 2249 magnalia
597 2170 857 2247 domini,
901 2190 1075 2251 spero
1122 2182 1354 2248 autem,
1401 2192 1639 2248 omneS,
1683 2172 1784 2253 qui
1828 2171 1943 2247 iam
1990 2179 2126 2232 ante
2170 2187 2449 2251 peccave-

259 2280 406 2333 runt
450 2280 509 2334 et
551 2274 697 2336 haec
739 2274 1000 2357 audient,
1048 2276 1210 2354 quod
1245 2276 1496 2339 libenter
1524 2284 1666 2338 sunt
1696 2273 1882 2337 acturi
1912 2267 2335 2355 poenitentiam
2364 2272 2451 2333 vi-

256 2384 378 2438 tam
421 2382 904 2457 recuperantes“.
975 2378 1304 2456 „Permane
1333 2383 1541 2458 ergo“,
1588 2378 1802 2459 inquit,
1846 2378 1948 2455 „in
1979 2379 2096 2439 hoo
2122 2376 2449 2438 ministerio

405 2514 447 2568 t.
485 2515 744 2580 sequetur
778 2528 824 2567 c.
857 2512 986 2570 Vat.
1021 2511 1105 2568 ed.
1141 2528 1224 2584 pr.
1258 2530 1334 2580 v.‚
1375 2515 1635 2583 sequatur
1667 2512 1735 2568 D.
1768 2539 1839 2554 --·-
1872 2512 2247 2568 maturitatem
2280 2510 2376 2580 (cf.
2412 2511 2448 2565 l.

257 2601 344 2667 5),
380 2602 691 2669 σεμνότητα.
744 2629 814 2638 —-
883 2601 932 2654 2.
965 2598 1026 2652 in
1058 2602 1116 2654 te
1151 2615 1197 2655 c.
1221 2599 1290 2654 D.
1324 2601 1451 2656 Vnt.
1487 2599 1573 2654 ed.
1610 2614 1692 2670 pr.
1727 2613 1801 2666 v.,
1852 2599 1999 2654 vitae
2031 2599 2095 2654 L.
2130 2629 2202 2640 —-
2271 2601 2318 2652 3.
2356 2598 2450 2654 do-

255 2684 464 2739 minum
507 2701 552 2739 e.
587 2684 656 2739 D.
691 2685 850 2752 Vat.,
897 2683 1057 2740 deum
1099 2685 1186 2740 ed.
1221 2703 1305 2756 pr.
1339 2703 1388 2740 v.
1439 2715 1511 2726 —-
1579 2691 1629 2740 5.
1662 2687 1981 2754 potestasne
2017 2701 2064 2740 e.
2097 2685 2166 2740 D.
2201 2685 2327 2741 Vat.
2362 2683 2449 2740 ed.

255 2786 341 2840 pr.
377 2771 591 2840 Dress„
625 2772 894 2842 potensne
929 2771 1045 2826 Cot.
1085 2802 1157 2813 -
1189 2770 1405 2828 videtur
1433 2772 1541 2828 tibi
1578 2787 1701 2827 esse
1736 2787 1781 2825 e.
1814 2771 1883 2826 D.
1918 2771 2045 2826 Vat.
2080 2773 2294 2838 Dress„
2346 2770 2451 2826 tibi

255 2857 476 2914 videtur
507 2873 630 2915 esse
663 2856 749 2912 ed.
785 2873 867 2928 pr.
905 2844 1022 2914 Oo't.
1070 2887 1142 2898 --
1209 2863 1258 2914 6.
1294 2857 1674 2914 verecundiam
1703 2873 1752 2928 9.
1786 2857 1855 2912 D.
1891 2859 2016 2915 Vat.
2053 2858 2137 2914 ed.
2179 2875 2287 2928 pr„
2336 2872 2449 2912 mo·-

257 2943 494 3000 destiam
523 2961 572 2998 v.
608 2975 678 2986 -

397 3035 446 3086 8.
479 3030 660 3100 ipsum
701 3049 745 3087 e.
781 3033 849 3088 D.
883 3050 951 3101 v.,
986 3048 1112 3089 eum
1143 3031 1270 3086 Vat.
1307 3031 1392 3086 ed.
1428 3047 1511 3102 pr.
1554 3059 1625 3072 -
1693 3035 1743 3086 9.
1780 3043 1923 3084 anne
1958 3042 2003 3082 c.
2039 3027 2107 3081 D.
2142 3027 2227 3082 ed.
2264 3042 2347 3097 pr.
2382 3041 2449 3095 ι,

259 3133 333 3172 an
365 3117 428 3172 L.
464 3117 590 3172 Vat.
633 3147 705 3160 ·—-
759 3120 966 3189 aliquid
999 3137 1044 3174 e.
1079 3119 1207 3174 Vat.
1249 3117 1331 3172 ed.
1367 3134 1451 3186 pr.
1486 3134 1562 3184 v.‚
1616 3115 1745 3185 quid
1778 3115 1845 3170 D.
1880 3145 1951 3156 --
2003 3129 2072 3168 ex
2104 3128 2211 3183 quo
2244 3129 2369 3170 eum
2404 3130 2449 3168 c.

254 3204 342 3270 D.,
377 3218 447 3258 ex
481 3219 586 3273 quo
621 3205 680 3259 in
716 3203 874 3262 domo
909 3222 1034 3262 mea
1066 3209 1155 3261 est
1187 3207 1246 3258 et
1279 3219 1401 3258 eum
1416 3204 1564 3271 Vnt„
1598 3208 1695 3258 aut
1726 3203 1785 3256 in
1820 3218 1925 3270 quo
1945 3202 2026 3268 L.,
2062 3205 2161 3256 aut
2191 3199 2449 3268 inanique

253 3303 382 3345 eum
415 3289 505 3345 ed.
536 3307 620 3360 pr.
652 3307 701 3344 v.
736 3321 806 3333 ·--
842 3298 889 3349 9.
930 3295 1012 3349 10.
1049 3289 1368 3347 offenderim
1403 3306 1448 3343 c.
1485 3289 1612 3344 Vat.
1648 3289 1732 3344 ed.
1769 3303 1852 3360 pr.
1888 3305 1962 3354 ι,
2017 3286 2348 3342 offenderem
2380 3287 2449 3341 D.

253 3405 327 3426 .,--
399 3379 478 3431 11.
517 3376 786 3432 facturum
823 3393 869 3433 c.
904 3379 970 3433 D.
1005 3377 1150 3444 Vat„
1187 3391 1310 3432 esse
1345 3375 1617 3432 facturum
1650 3375 1736 3430 ed.
1770 3390 1853 3446 pr.
1887 3389 2040 3440 v.„·--
2072 3375 2265 3442 loquor
2298 3391 2343 3427 c.
2380 3375 2449 3428 D.

254 3463 384 3518 Vat.
421 3462 507 3517 ed.
544 3480 645 3533 pn,
681 3464 817 3520 haee
851 3466 1043 3533 loquor
1076 3481 1124 3518 v.
1161 3495 1229 3504 -—
1267 3465 1348 3518 12.
1387 3462 1454 3516 de
1488 3466 1549 3518 te
1581 3463 1673 3517 hie
1706 3478 1751 3516 c.
1785 3461 1854 3516 D.
1887 3461 2039 3527 Vat.,
2075 3465 2136 3515 et
2166 3461 2256 3516 hic
2290 3461 2359 3518 de
2390 3466 2450 3517 te

255 3547 344 3602 ed.
379 3563 488 3618 pr„
522 3547 612 3604 hic
647 3549 717 3605 de
751 3554 810 3606 te
843 3568 892 3605 v.
925 3581 997 3592 —-
1042 3553 1122 3604 13.
1164 3549 1379 3604 aueturi
1409 3549 1478 3604 D.
1512 3577 1584 3590 ·--
1620 3551 1701 3602 14.
1740 3549 1881 3602 bene
1916 3547 1984 3602 de
2018 3548 2105 3602 his
2142 3563 2187 3602 c.
2220 3548 2289 3603 D.
2324 3548 2451 3604 Vat.

256 3633 344 3690 ed.
380 3650 463 3702 pr.
497 3635 685 3691 Dress.
721 3637 858 3706 (iis),
895 3637 964 3694 de
997 3637 1085 3692 his
1113 3637 1253 3690 bene
1289 3635 1368 3701 L.,
1407 3634 1476 3690 de
1508 3635 1579 3689 iis
1614 3634 1731 3691 Cot.
1767 3664 1837 3674 —
1868 3633 2206 3704 interpretur
2220 3635 2347 3691 Vat.
2382 3665 2452 3676 --
2548 3695 2554 3708 .

261 3725 344 3777 15.
379 3722 526 3776 omni
561 3737 606 3776 e.
641 3722 709 3776 D.
744 3722 871 3778 Vat.
907 3721 991 3776 ed.
1027 3738 1130 3790 pr.,
1165 3721 1396 3789 domine,
1430 3720 1579 3776 omni
1609 3737 1659 3776 v.
1694 3751 1766 3762 —-
1801 3723 1881 3776 16.
1918 3720 2123 3776 domini
2158 3737 2201 3776 e.
2222 3723 2289 3776 D.
2306 3723 2451 3792 Vnt„

258 3807 350 3864 dei
383 3807 469 3862 od.
506 3823 588 3877 pr.
623 3824 673 3862 v.
707 3838 778 3850 —-
834 3824 1022 3864 omnes
1055 3825 1102 3863 c.
1142 3808 1269 3864 Vat.
1306 3807 1390 3862 ed.
1426 3823 1527 3876 pr„
1562 3823 1659 3861 eos
1692 3823 1879 3862 omnes
1913 3807 1981 3861 D.
2015 3824 2063 3862 v.
2096 3835 2167 3850 —-
2214 3810 2308 3878 qui
2340 3810 2451 3865 iam

257 3899 389 3950 ante
424 3894 660 3962 emend„
717 3895 810 3963 qui
841 3900 957 3950 tam
993 3899 1122 3949 ante
1155 3895 1242 3961 L.,
1279 3892 1423 3962 quod
1458 3894 1549 3962 qui
1581 3894 1691 3948 iam
1726 3898 1855 3949 ante
1890 3894 1983 3960 D.,
2040 3895 2132 3962 qui
2165 3900 2353 3951 amant
2386 3912 2454 3952 ea

259 3986 318 4037 et
352 3985 481 4038 ante
515 3997 582 4048 ι,
620 3981 708 4049 qui
747 3986 875 4036 ante
893 3981 1020 4038 vat.
1055 3979 1140 4036 ed.
1176 3997 1260 4050 pr.
1293 4009 1364 4021 -—·-
1401 3983 1480 4034 17.
1524 3983 1583 4033 et
1614 3981 1752 4036 haec
1783 3969 2009 4037 audie'nt
2040 3997 2087 4035 c.
2115 3983 2181 4036 D.
2218 3985 2349 4052 (om.
2370 3987 2453 4052 et)
2518 3974 2525 3982 ⁸

259 4069 322 4124 L.
359 4067 656 4137 (audiunt),
689 4067 828 4122 haee
877 4065 1162 4122 audientes
1197 4067 1324 4123 Vat.
1361 4066 1444 4122 ed.
1479 4083 1589 4136 pr„
1623 4067 1711 4122 his
1765 4065 1969 4123 auditis
2001 4085 2049 4122 v.
2086 4098 2157 4110 -
2209 4069 2353 4137 quod
2386 4070 2450 4123 li-

259 4157 457 4211 benter
491 4159 621 4210 sunt
653 4153 832 4210 acturi
866 4169 912 4208 c.
931 4153 1078 4221 Vat„
1109 4153 1348 4209 libenter
1379 4157 1440 4208 et
1470 4153 1651 4208 acturi
1683 4156 1813 4208 sunt
1825 4153 1893 4208 D.
1912 4153 1975 4208 L.
2012 4157 2141 4223 (om.
2160 4158 2242 4225 et)
2263 4154 2348 4209 ed.
2367 4171 2449 4224 pr.

259 4243 392 4310 (om.
425 4243 543 4312 et),
596 4245 818 4296 acturos
851 4255 973 4295 esse
1007 4255 1056 4294 v.
1103 4269 1174 4281 --
1245 4243 1326 4295 18.
1363 4255 1492 4307 ergo
1530 4255 1577 4294 o.
1612 4238 1680 4294 D.
1715 4237 1801 4294 ed.
1835 4255 1918 4308 pr.
1955 4253 2029 4308 ι,
2082 4259 2186 4300 om.
2222 4243 2348 4300 vat,
2382 4274 2452 4288 .-..

333 4351 712 4416 Hilgenfeld,
750 4351 940 4397 Hermae
975 4352 1146 4397 Pastor.
1509 4363 1533 4370 ··
1582 4350 1589 4353 ’
1668 4349 1673 4354 ’
1839 4348 1849 4357 “
1956 4330 2042 4396 ’11
