3003 5080
1195 442 1307 496 vin.
1343 442 1418 530 11,θ
1455 445 1500 497 1.
1539 445 1590 498 2.
2408 397 2478 514 Χς)

291 614 610 676 audierunt
667 614 1001 693 proditores
1059 621 1373 694 parentum
1432 623 1491 676 et
1543 614 1863 694 prodentes
1920 617 2319 696 profecerunt.
2373 621 2477 682 sed

293 717 467 778 etiam
526 736 690 778 nunc
745 718 1088 780 adiecerunt
1140 716 1394 797 peccatis
1453 716 1577 778 suis
1635 717 1907 780 libidines
1964 727 2024 780 et
2076 707 2475 784 commacula-

289 819 484 880 tiones
525 821 822 900 nequitiae
866 830 925 882 et
965 820 1049 882 sic
1089 819 1484 899 impleverunt
1525 819 1862 899 iniquitates
1904 841 2062 884 suas·
2102 821 2207 885 sed
2248 822 2473 902 impro-

289 939 429 999 pera
473 921 652 982 verba
695 924 840 985 haec
883 923 1015 984 filiis
1059 922 1175 983 tuis
1220 920 1498 982 omnibus
1542 931 1600 983 et
1629 923 1867 1002 coniugi
1894 931 2051 1004 tuae,
2097 941 2247 1002 quae
2275 905 2472 987 futura

289 1031 374 1084 est
418 1042 593 1084 soror
636 1034 756 1086 tua.
803 1033 860 1086 et
906 1026 1030 1105 ipsa
1074 1025 1230 1089 enim
1279 1011 1621 1104 compescat
1664 1025 1926 1104 linguam
1972 1045 2175 1100 suam,
2246 1026 2308 1086 in
2353 1046 2471 1107 qua
2528 1024 2571 1087 5

287 1127 664 1204 malignatur.
723 1129 826 1190 sed
882 1126 1092 1189 auditis
1136 1127 1330 1188 verbis
1371 1127 1464 1188 his
1506 1127 1835 1188 continebit
1874 1147 1939 1189 se
1978 1136 2039 1190 et
2075 1127 2312 1190 habebit
2356 1103 2493 1190 mi:

284 1221 688 1291 sericordiam.
759 1229 1062 1291 erudietur
1127 1230 1318 1306 enim,
1390 1238 1705 1310 postquam
1777 1230 2267 1310 improperaveris
2322 1233 2469 1294 haec

285 1332 462 1394 verba
519 1333 637 1408 illi,
709 1351 858 1412 quae
911 1333 1209 1393 mandavit
1253 1332 1398 1393 mihi
1440 1331 1812 1408 dominator,
1856 1339 1923 1396 ut
1964 1332 2067 1394 tibi
2109 1334 2466 1397 revelentur.

284 1441 431 1496 tunc
483 1436 862 1497 remittentur
919 1434 1035 1495 illis
1078 1441 1351 1516 peccata,
1423 1452 1575 1512 quae
1618 1434 1734 1496 iam
1775 1434 2002 1514 pridem
2048 1445 2464 1514 peccaverunt,

284 1546 344 1598 et
388 1539 664 1600 omnibus
708 1538 950 1612 sanctiS‚
994 1538 1096 1616 qui
1140 1544 1535 1618 peccaverunt
1578 1555 1766 1615 usque
1808 1535 1870 1596 in
1900 1537 2255 1599 hodiernum
2286 1539 2462 1616 diem,
2484 1537 2565 1602 10

281 1640 330 1701 si
375 1659 447 1701 ex
485 1650 611 1703 toto
658 1640 835 1703 corde
876 1660 989 1702 suo
1033 1640 1261 1720 egerint
1301 1637 1727 1719 poenitentiam
1769 1644 1829 1699 et
1872 1629 2223 1701 abstulerint
2265 1661 2297 1702 a
2327 1661 2464 1703 cor-

283 1743 457 1804 dibus
499 1743 621 1805 suis
664 1744 1076 1806 dubitationes.
1122 1741 1334 1803 iuravit
1378 1741 1537 1802 enim
1583 1740 1917 1802 dominator
1944 1741 2047 1804 ille
2075 1762 2182 1822 per
2211 1744 2461 1822 gloriam

281 1865 450 1907 suam
509 1865 690 1926 super
748 1848 968 1908 electos
1027 1865 1204 1919 suoS‚
1276 1844 1582 1924 praefinita
1637 1843 1749 1904 ista
1806 1844 1899 1905 die
1960 1845 2135 1907 etiam
2192 1865 2355 1909 nunc
2410 1847 2461 1908 si

277 1949 610 2027 peccaverit
663 1949 909 2028 aliquis,
983 1968 1107 2009 non
1151 1945 1490 2008 habiturum
1534 1946 1704 2007 illum
1750 1946 2020 2011 salutem.
2065 1948 2463 2026 poenitentiae

280 2051 438 2111 enim
511 2051 806 2112 iustorum
844 2051 1098 2113 -habent
1169 2052 1336 2111 fines,
1406 2049 1619 2127 repleti
1685 2057 1827 2110 sunt
1883 2049 2006 2110 dies
2063 2050 2460 2129 poenitentiae
2480 2054 2563 2122 15,

281 2153 560 2214 omnibus
598 2154 838 2235 sanctiS,
883 2153 1159 2232 gentibus
1201 2161 1396 2214 autem
1440 2150 1799 2232 poenitentia
1829 2151 2107 2231 usquein
2139 2152 2459 2216 novissima

279 2256 390 2320 die.
452 2256 610 2317 dices
667 2275 809 2336 ergo
871 2257 952 2318 eis
998 2257 1098 2337 qui
1142 2264 1425 2336 praesunt
1467 2253 1759 2328 ecclesiis,
1824 2262 1892 2315 ut
1932 2253 2190 2332 dirigant
2232 2255 2351 2318 vias
2396 2257 2457 2318 in

276 2357 516 2432 iustitia,
558 2368 625 2420 ut
667 2359 954 2439 recipiant
996 2359 1056 2419 in
1102 2359 1280 2439 pleno
1314 2357 1836 2438 repromissionem
1870 2376 2007 2418 cum
2035 2359 2222 2428 multa
2250 2359 2456 2440 gloria.

385 2618 398 2631 .
417 2580 465 2635 1.
513 2578 804 2647 prodentes
851 2594 896 2634 c.
943 2576 1010 2632 D.
1055 2576 1121 2633 G.
1166 2578 1228 2635 L.
1275 2596 1350 2643 v.‚
1403 2576 1695 2647 prudentes
1741 2577 1863 2632 Vat.
1910 2577 1995 2632 ed.
2031 2594 2113 2645 pr.
2148 2608 2215 2619 -
2282 2582 2331 2632 2.
2364 2580 2459 2649 ad·

273 2654 517 2718 iecerunt
559 2671 785 2735 peccata
832 2662 1070 2731 peccatis
1116 2664 1231 2717 suis
1275 2662 1339 2719 G.
1389 2692 1459 2703 —-
1542 2664 1589 2717 2.
1646 2664 1695 2717 3.
1752 2663 2253 2719 commaculationes
2298 2679 2347 2720 c.
2392 2663 2460 2721 D.

273 2748 358 2804 ed.
396 2766 478 2817 pr.
513 2767 589 2815 v.‚
623 2749 1134 2805 commoderationes
1167 2748 1293 2806 Vat.
1333 2778 1399 2789 —
1471 2753 1519 2803 4.
1556 2749 1721 2802 verba
1752 2749 1888 2804 haec
1922 2763 1966 2801 c.
2002 2748 2123 2805 Vat.
2158 2750 2242 2804 ed.
2276 2765 2355 2817 pr.
2394 2766 2461 2814 v.‚

271 2834 374 2889 hec
426 2836 592 2891 verba
650 2835 718 2891 D.
779 2866 848 2877 -
942 2837 990 2888 6.
1049 2833 1148 2889 sed
1206 2850 1252 2889 c.
1313 2833 1370 2896 C.
1427 2833 1496 2891 D.
1562 2832 1626 2891 G.
1678 2833 1799 2888 Vat.
1844 2834 2061 2899 Dress„
2130 2842 2185 2888 et
2243 2835 2331 2891 ed.
2375 2851 2459 2905 pr.

272 2918 387 2975 Cot.
437 2948 502 2961 -
571 2920 794 2976 habebit
854 2935 900 2975 c.
943 2920 1012 2978 D.
1059 2920 1124 2979 L.
1171 2919 1361 2988 (Aug.)
1405 2919 1562 2986 Vat„
1628 2926 1987 2988 consequetur
2038 2919 2119 2974 ed.
2164 2936 2246 2989 pr.
2294 2938 2346 2978 v.
2389 2948 2457 2961 ——

271 3006 324 3063 7.
359 3006 638 3066 erudietur
672 3006 1014 3066 (erudientur
1045 3004 1214 3072 Vict.)
1249 3006 1391 3062 enim
1423 3004 1549 3060 add.
1586 3005 1679 3061 lat.
1714 3004 1999 3074 interpres
2024 3034 2092 3045 —
2124 3004 2457 3075 impropera-

269 3091 414 3146 veris
459 3110 504 3149 c.
538 3094 606 3151 D.
643 3092 725 3147 ed.
760 3108 843 3162 pr.
877 3109 925 3147 v.
939 3132 955 3157 ,
1011 3091 1396 3159 improbaveris
1431 3091 1557 3148 Vat.
1616 3118 1686 3131 -
1757 3092 1805 3145 7.
1840 3092 1889 3145 8.
1923 3091 2060 3145 haec
2089 3093 2253 3147 verba
2286 3091 2369 3146 illi
2406 3106 2457 3154 c.

267 3176 336 3231 D.
372 3178 524 3243 Vnt..
560 3178 642 3233 illi
677 3178 813 3233 haec
847 3179 1010 3233 verba
1046 3176 1130 3231 ed.
1166 3193 1248 3245 pr.
1283 3192 1334 3234 v.
1367 3176 1494 3233 fort.
1533 3178 1640 3245 leg.
1673 3177 1783 3231 illis
1817 3178 2064 3245 (αὐτοῖς).
2101 3206 2164 3217 -
2235 3181 2282 3231 8.
2324 3178 2458 3233 mihi

268 3264 400 3330 (μοι)
447 3262 682 3329 emend„
744 3262 825 3317 illi
869 3262 938 3321 D.
983 3262 1106 3317 Vat.
1150 3262 1234 3318 ed.
1278 3278 1387 3332 pr.‚
1447 3263 1540 3317 ille
1562 3280 1566 3283 ·
1590 3282 1639 3321 v.
1686 3292 1753 3303 -
1810 3270 1872 3317 ut
1915 3279 1959 3319 c.
1995 3263 2061 3323 D.
2097 3263 2219 3321 Vat.
2256 3263 2342 3321 ed.
2374 3280 2455 3334 pr.

265 3364 348 3414 v.,
401 3364 505 3405 om.
540 3348 604 3405 G.
657 3378 728 3389 --
797 3350 848 3403 9.
893 3349 1234 3404 remittentur
1283 3363 1330 3403 c.
1371 3347 1438 3401 D.
1491 3348 1579 3401 ed.
1627 3348 1710 3417 pr.
1756 3364 1832 3414 v.,
1887 3347 2195 3402 emittentur
2228 3349 2351 3406 Vat.
2388 3380 2458 3393 -

266 3449 410 3504 quae
442 3433 760 3502 iampridem
795 3438 882 3496 (ἃς
917 3436 1194 3503 πρότερον)
1231 3451 1277 3490 c.
1313 3433 1394 3488 ed.
1430 3449 1510 3503 pr.
1546 3451 1627 3499 v.,
1680 3448 1784 3503 que
1819 3433 1927 3488 iam
1961 3434 2176 3503 quidem
2210 3434 2308 3499 D.,
2362 3436 2455 3507 qui

264 3518 584 3588 iampridem
618 3519 743 3575 Vat.
781 3550 851 3561 —-
907 3525 986 3574 10.
1024 3528 1078 3574 et
1112 3519 1358 3574 omnibus
1394 3520 1597 3574 sanctis
1633 3520 1725 3588 qui
1756 3526 2119 3588 peccaverunt
2154 3528 2257 3583 (καὶ
2294 3530 2462 3575 πᾶσιν4

265 3615 373 3665 τοῖς
411 3606 576 3675 ἁγίοις
611 3608 795 3673 ἄφεσιν
832 3609 1014 3677 ἐπάγει
1050 3616 1154 3665 ἰοῖς
1189 3606 1539 3673 ἁμαρτήσεται)
1576 3622 1621 3661 c.
1657 3605 1741 3661 ed.
1772 3621 1853 3675 pr.
1887 3622 1962 3672 Ἄ,
1998 3622 2102 3663 om.
2139 3608 2203 3660 D.
2241 3604 2365 3665 Vat.
2387 3634 2469 3666 -·,,

267 3696 354 3749 11.
373 3690 697 3747 abstulerint
713 3704 760 3745 c.
773 3689 842 3747 D.
861 3689 942 3744 ed.
964 3706 1043 3759 pr.
1063 3707 1132 3757 r„
1149 3691 1489 3745 abstulerunt
1505 3692 1626 3748 Vat.
1644 3720 1712 3731 —
1750 3695 1830 3748 11.
1852 3696 1932 3747 12.
1948 3708 1983 3747 a
1996 3690 2247 3747 cordibus
2268 3692 2383 3748 suis
2404 3710 2453 3754 c.

265 3774 394 3832 Vat.
441 3775 528 3833 ed.
561 3790 642 3843 pr.
677 3778 805 3841 (om.
841 3777 896 3843 a)
928 3792 1005 3841 v.,
1059 3791 1094 3830 a
1126 3775 1288 3831 corde
1323 3791 1422 3833 suo
1457 3778 1524 3831 D.
1577 3806 1647 3818 -—
1716 3764 1800 3834 14‘.
1834 3776 1988 3833 illum
2021 3793 2068 3837 c.
2106 3776 2173 3833 D.
2207 3777 2333 3835 Vat.
2366 3778 2459 3853 ed„

263 3877 347 3930 pr.
383 3879 461 3926 v.‚
493 3860 644 3916 illam
675 3860 815 3917 vict.
849 3891 917 3901 —
991 3863 1068 3915 15.
1103 3861 1306 3920 habent
1337 3862 1472 3919 fides
1505 3862 1642 3920 fines
1680 3862 1745 3920 D.
1794 3892 1861 3905 -
1914 3862 2109 3930 repleti
2149 3879 2195 3918 c.
2228 3863 2296 3921 D.
2316 3863 2468 3939 Vah„

265 3945 478 4016 impleti
513 3945 597 4001 ed.
624 3960 704 4016 pr.
723 3965 775 4005 v.
789 3976 858 3988 —
896 3947 978 4003 16.
997 3947 1198 4003 sanctis
1217 3964 1258 4003 c
1281 3948 1403 4003 Vat.
1425 3948 1507 4003 ed.
1528 3964 1607 4017 pr.
1628 3966 1695 4015 v.‚
1732 3949 1937 4005 ellectis
1954 3948 2019 4001 D.
2043 3978 2105 3987 —
2122 3948 2471 4029 poenitentia,

267 4033 575 4102 (μετάνοια)
596 4046 646 4091 c.
666 4031 754 4089 ed.
769 4048 849 4100 pr.
871 4048 935 4097 v.,
952 4032 1283 4100 poenitentie
1301 4034 1364 4089 D.
1385 4035 1507 4091 Vat.
1533 4066 1594 4077 -
1636 4036 1719 4090 16.
1740 4037 1821 4091 17.
1838 4033 2128 4089 novissima
2145 4033 2233 4089 die
2250 4049 2295 4090 c.
2316 4035 2473 4102 Vat.,.

267 4117 617 4174 novissimam
647 4116 790 4172 diem
804 4118 889 4182 D.,
921 4117 1210 4179 novissimo
1229 4119 1317 4174 die
1338 4120 1424 4178 ed.
1443 4138 1525 4191 pr.
1548 4139 1597 4175 v.
1615 4149 1686 4161 -
1722 4124 1806 4177 17.
1823 4121 1939 4175 vias
1960 4138 2003 4177 c.
2020 4120 2089 4177 D.
2109 4120 2231 4175 Vat.
2254 4120 2337 4177 ed.
2356 4108 2472 4192 pr.‚⁵

265 4202 388 4261 vias
406 4218 537 4261 suas
553 4218 602 4259 v.
631 4232 688 4245 -·
716 4203 796 4257 18.
809 4203 1278 4271 repromissionem
1297 4206 1416 4273 (τὰς
1435 4207 1767 4279 δπαγγολίας)
1784 4206 1963 4265 evat
1985 4204 2069 4261 ed.
2088 4221 2172 4275 pr.
2184 4223 2251 4269 v..
2266 4208 2455 4262 remis-
