3003 5080
1089 365 1274 422 mana.
1305 365 1374 433 x,
1408 369 1460 421 2.
1488 365 1586 424 xi.
2341 362 2431 434 159

471 469 495 504 l

991 549 1488 626 mandatum
1536 548 1683 621 XI.

444 654 730 730 ‘Ostendit
783 668 926 754 mihi
981 667 1254 732 sedentes
1311 665 1374 726 in
1427 664 1721 726 subselliis
1764 662 2036 725 homines
2076 672 2137 726 et
2178 663 2430 724 alterum

239 772 545 837 sedentem
585 771 646 832 in
676 772 971 836 cathedra.
1019 779 1077 831 et
1107 769 1250 832 dixit
1279 768 1453 830 mihi:
1506 767 1718 844 „Vides
1737 767 1904 842 illue,
1950 767 2053 846 qui
2080 767 2141 828 in
2174 765 2431 828 scamnis

239 873 539 940 sedent“?
627 874 910 955 „Video“,
955 873 1236 952 inquam,
1305 871 1647 949 „domine“.
1740 870 1867 947 „Illi
1912 879 2054 933 sunt
2096 871 2330 950 fideleS,
2376 877 2434 930 et

243 979 378 1054 ille,
453 978 555 1059 qui
613 979 673 1040 in
721 977 994 1042 cathedra
1040 977 1236 1048 sedet,
1311 974 1460 1038 alius
1504 975 1761 1036 mendax
1803 975 2121 1055 prophetes
2162 981 2283 1047 est,
2331 972 2430 1052 qui
2491 979 2535 1043 5

239 1081 436 1164 perdit
485 1101 742 1145 sensum·
773 1099 1080 1142 servorum
1128 1079 1252 1160 dei,
1329 1078 1648 1142 dubiorum
1692 1085 1889 1138 autem
1912 1123 1927 1151 ‚
2002 1096 2125 1138 non
2172 1075 2431 1150 illorum,

242 1185 346 1266 qui
404 1186 597 1248 fidunt
652 1185 714 1246 in
761 1184 1003 1248 domino
1049 1184 1242 1264 plene.
1317 1183 1402 1246 illi
1447 1201 1589 1262 ergo
1636 1179 1799 1243 dubii
1844 1179 2008 1259 quasi
2051 1180 2125 1241 ad
2170 1177 2433 1246 divinum

239 1289 490 1355 veniunt
534 1299 590 1351 et
633 1289 1004 1367 interrogant
1049 1306 1209 1361 eum,
1255 1286 1395 1365 quid
1440 1285 1557 1348 illis
1599 1285 1869 1347 futurum
1914 1282 2008 1362 sit,
2054 1291 2113 1344 et
2138 1282 2236 1344 ille
2262 1301 2433 1344 men-

241 1393 356 1478 dax
410 1393 726 1473 prophetes
747 1439 762 1467 ‚
835 1390 1058 1455 nullam
1119 1388 1346 1452 hahens
1403 1388 1466 1450 in
1526 1407 1589 1448 se
1633 1386 1907 1448 virtutem
1950 1386 2189 1467 spiritus
2232 1385 2431 1467 divini,

240 1495 507 1576 loquitur
561 1494 676 1556 illis
731 1494 1059 1556 secundum
1101 1491 1633 1571 interrogationem
1673 1490 1913 1550 illorum
1958 1497 2016 1550 et
2058 1489 2262 1570 implet
2307 1489 2433 1552 ani-
2454 1492 2535 1560 10

240 1616 372 1664 mas
426 1597 667 1662 illorum
723 1596 1064 1677 promissis,
1123 1596 1275 1658 sicut
1320 1596 1402 1658 illi
1447 1594 1674 1658 volunt.
1732 1593 1834 1655 ille
1874 1601 2070 1655 autem
2118 1593 2435 1674 prophetes

213 1701 438 1768 ⁴inanis
493 1709 582 1763 est
623 1711 682 1762 et
723 1700 919 1764 inania
964 1700 1288 1780 respondet
1329 1698 1627 1762 inanibus.
1672 1704 1965 1777 quotquot
2009 1704 2208 1760 autem
2252 1695 2434 1758 inter-

238 1813 489 1888 rogatur
531 1825 564 1866 a
607 1805 772 1866 vanis
801 1804 1166 1883 hominibus,
1209 1822 1356 1864 vana
1388 1802 1713 1883 respondet
1736 1800 1870 1862 illis.
1917 1800 2203 1880 quaedam
2235 1808 2432 1866 autem

238 1910 422 1974 verba
479 1928 616 1970 vera
671 1909 955 1989 loquitur.
1013 1906 1282 1973 diabolus
1339 1905 1496 1969 enim
1540 1905 1822 1986 adimplet
1864 1923 2002 1966 eum
2046 1903 2258 1984 spiritu
2300 1923 2433 1978 suo,

238 2021 312 2082 ut
357 2012 567 2074 deiciat
609 2012 864 2092 aliquem
910 2031 980 2074 ex
1023 2010 1210 2074 iustis.
1257 2009 1599 2090 quicunque
1642 2027 1783 2088 ergo
1830 2009 2016 2070 fortes
2056 2015 2200 2068 sunt
2224 2007 2288 2068 in
2319 2009 2434 2070 fide
2456 2014 2537 2081 15

239 2115 472 2177 domini
516 2123 575 2176 et
614 2115 805 2179 induti
854 2123 994 2178 sunt
1037 2114 1294 2193 veritate,
1341 2112 1556 2174 talibus
1600 2111 1901 2191 spiritibus
1929 2130 2051 2172 non
2082 2110 2433 2191 iunguntur,

237 2219 350 2281 sed
410 2219 720 2282 discedunt
777 2218 850 2279 ab
906 2217 1040 2279 illis.
1113 2224 1408 2295 quotquot
1463 2215 1624 2276 enim
1652 2283 1659 2293 Ι
1684 2213 1869 2275 dubii·
1904 2221 2045 2276 sunt
2086 2222 2144 2275 et
2184 2213 2434 2276 subinde

386 2391 432 2444 1.
467 2387 582 2451 XV.
615 2387 684 2446 D.
719 2415 788 2430 -
859 2389 908 2444 2.
950 2384 1199 2442 Ostendit
1231 2401 1276 2441 e.
1310 2386 1376 2440 D.
1413 2384 1498 2440 ed.
1535 2400 1614 2454 pr.
1649 2401 1729 2451 v.‚
1774 2382 1999 2441 ostende
2034 2385 2160 2440 Vnt.
2198 2411 2266 2424 —
2308 2385 2433 2440 snb·-

237 2473 416 2540 selliie
451 2489 496 2532 c.
529 2473 592 2532 D.
627 2473 713 2532 ed.
746 2489 827 2545 pr.
858 2492 924 2539 v„
961 2470 1218 2528 subsidiis
1251 2471 1372 2526 Vnt.
1410 2499 1476 2514 --
1512 2471 1741 2526 alterum
1774 2485 1819 2525 c.
1852 2469 1922 2527 D.
1965 2471 2088 2525 Va‘t.
2106 2469 2238 2529 Mus.
2257 2472 2435 2544 Angl.‚

235 2577 413 2627 unum
449 2561 531 2620 ad.
563 2577 642 2630 pr.
676 2579 724 2619 v.
780 2592 848 2602 —
919 2562 965 2615 3.
1001 2559 1058 2614 in
1094 2558 1352 2616 cathedra.
1385 2572 1432 2617 c.
1469 2557 1557 2617 ed.
1592 2572 1672 2625 pr.
1715 2574 1762 2611 v.
1780 2597 1793 2621 ‚
1852 2556 1912 2613 in
1946 2553 2258 2613 cathedram
2298 2562 2436 2627 Vat.·‚

233 2648 295 2713 in
353 2648 458 2711 Sub
511 2646 770 2709 cathedra
811 2650 870 2703 D.
926 2671 989 2692 -ν-
1061 2649 1109 2700 4.
1157 2644 1242 2699 11Ιί
1279 2660 1323 2699 c.
1359 2646 1423 2701 D.
1457 2644 1585 2699 Vat.
1622 2644 1707 2701 ed.
1741 2660 1851 2714 pr..
1904 2644 2015 2707 mi,
2070 2643 2246 2713 inquit
2278 2662 2325 2699 ν.
2370 2676 2429 2689 .-

241 2735 436 2798 5--60,
454 2736 504 2792 7.
543 2732 718 2799 „alius
753 2731 982 2789 mendax
999 2731 1291 2799 prophetes
1312 2734 1398 2785 est
1416 2730 1742 2798 -loquitur
1762 2730 2055 2787 secundum
2074 2731 2437 2787 desiderium“

235 2820 295 2887 in
333 2819 488 2880 codd.
527 2824 582 2875 et
622 2819 742 2877 edd.
789 2834 1074 2887 perperam
1107 2818 1362 2886 leguntur
1391 2814 1575 2870 Mand.
1606 2814 1673 2873 X.
1707 2832 1759 2884 p.
1794 2818 1879 2881 56,
1917 2818 1981 2871 13
2016 2823 2160 2887 post:
2198 2816 2438 2874 ethnico«

235 2922 378 2973 rum.
430 2921 496 2964 ea
543 2904 650 2963 huc
695 2903 982 2961 referenda
1016 2918 1138 2958 esse
1174 2902 1370 2959 docent
1403 2916 1634 2971 graecus
1666 2906 1847 2957 textus
1860 2944 1875 2968 ‚
1926 2903 2201 2959 versiones
2235 2902 2440 2959 codicis

235 2990 476 3056 Palatini
515 2995 571 3045 et
604 2990 926 3058 aethiopica.
968 3018 1029 3031 -
1107 2992 1156 3044 5.
1190 2988 1332 3043 aliua
1368 2987 1605 3051 emend..
1667 2991 1723 3042 et
1756 2988 1897 3043 alins
1931 2988 2085 3045 codd.
2121 2994 2177 3045 et
2211 2988 2330 3044 edd.
2365 3016 2441 3030 -ν

237 3082 286 3135 6.
325 3093 548 3141 sensim
582 3078 700 3143 (τὴν
741 3077 1000 3143 διάνοιαν)
1039 3092 1082 3132 c.
1117 3079 1205 3141 D.‚
1259 3089 1454 3130 sensus
1491 3076 1616 3130 vat.
1652 3072 1735 3127 ed.
1774 3090 1855 3141 pr.
1889 3093 1936 3130 v.
1987 3103 2045 3117 --
2115 3076 2162 3131 7.
2199 3074 2437 3132 divinum

238 3165 483 3234 (μάντιν)
520 3181 564 3219 c.
599 3164 669 3217 D.
709 3163 831 3217 Vnt.
867 3161 949 3217 ed.
982 3176 1065 3229 pr.
1082 3201 1095 3225 ‚
1149 3160 1388 3217 divinum
1422 3159 1669 3230 spiritum
1703 3178 1750 3216 v.
1792 3191 1861 3205 --
1932 3164 1979 3217 8.
2016 3167 2073 3216 et
2104 3162 2437 3231 interrogant

234 3260 256 3315 ί
265 3258 350 3306 καὶ
389 3254 742 3322 ἐπερωτῶσιν)
777 3262 821 3303 0.
857 3247 940 3304 ed.
976 3262 1060 3317 pr.
1094 3266 1174 3313 ἱ,
1227 3250 1563 3315 interrogant
1594 3246 1657 3300 D.
1696 3252 1816 3301 Vat.
1852 3276 1919 3291 ·-
1956 3252 2013 3303 et
2042 3248 2135 3304 ille
2170 3266 2215 3305 e.
2247 3249 2312 3304 D.
2348 3249 2443 3305 ed.-

233 3355 316 3409 pg.
353 3356 400 3393 v.
415 3378 430 3403 ‚
485 3342 541 3401 et
585 3336 740 3398 illum
776 3336 897 3393 vat.
935 3363 1002 3381 «-
1073 3334 1125 3390 9.
1161 3332 1220 3386 in
1255 3347 1314 3391 se
1353 3332 1606 3388 virtutem
1642 3348 1685 3387 c.
1722 3336 1781 3387 D.
1818 3333 1901 3388 ed.
1938 3350 2018 3403 pr.
2053 3354 2103 3392 v.
2117 3376 2132 3401 ,
2180 3335 2435 3390 virtutem

234 3426 368 3486 vat.
381 3465 394 3489 ‚
431 3422 714 3482 veritatem
748 3420 804 3481 in
838 3434 902 3480 ,ae
940 3419 1000 3479 L·
1040 3449 1106 3462 -·
1145 3417 1370 3485 spiritus
1404 3417 1571 3473 divini
1606 3434 1651 3474 c.
1686 3418 1755 3476 D.
1790 3419 1915 3478 Vnt.
1953 3420 2037 3481 ed.
2076 3436 2157 3490 pr.
2190 3439 2235 3477 v.
2249 3461 2265 3486 ,
2322 3421 2431 3491 spi-

232 3511 348 3573 ritu
383 3509 563 3571 divino
597 3508 655 3563 L.
713 3535 772 3552 -ν
849 3508 928 3562 10.
965 3505 1437 3573 interrogationem
1469 3504 1687 3560 illorum
1722 3521 1767 3560 c.
1802 3506 1867 3559 D.
1904 3507 1990 3566 ed.
2025 3523 2105 3575 pr.
2140 3526 2186 3562 v.
2202 3547 2215 3571 ,
2266 3506 2431 3562 inter-

232 3596 570 3666 rogationem
605 3608 794 3657 aarum
825 3592 949 3651 Vat.
987 3621 1051 3634 «-
1127 3594 1208 3649 12.
1257 3595 1522 3661 quotquot
1550 3595 1733 3645 autem
1768 3608 1814 3648 c.
1852 3598 1970 3650 Vnt.
2014 3595 2097 3651 ed.
2134 3610 2211 3665 pr.
2228 3632 2244 3659 ‚
2290 3594 2432 3664 quod

232 3689 420 3747 autem
454 3682 540 3746 D.‚
579 3677 834 3749 quioquid
864 3677 1006 3735 enim
1041 3694 1090 3733 v.
1125 3706 1192 3718 —
1265 3679 1346 3731 13.
1379 3676 1691 3733 hominibus
1724 3693 1771 3735 c.
1807 3678 1875 3736 D.
1910 3680 1995 3737 ed.
2026 3697 2106 3750 pr.
2140 3699 2185 3736 v.
2202 3722 2215 3746 ‚
2262 3679 2433 3739 omni-

231 3771 340 3831 hus
376 3770 502 3827 Vat.
535 3798 604 3808 -
639 3762 920 3831 respoudit
953 3762 1076 3823 vat.
1112 3794 1180 3805 -
1251 3766 1334 3819 14.
1369 3763 1629 3833 adimplet
1662 3780 1705 3819 c.
1742 3764 1811 3823 D.
1846 3765 1908 3823 L.
1942 3769 2083 3832 vat..
2120 3764 2309 3837 implet
2342 3768 2427 3823 ed.

233 3871 318 3923 pr.
351 3872 404 3910 v.
435 3884 506 3898 «-
561 3866 685 3907 eum
720 3866 767 3908 c.
804 3850 927 3909 Vat.
967 3849 1048 3905 ed.
1082 3865 1163 3918 pr.
1197 3867 1271 3914 v„
1322 3848 1474 3907 illum
1508 3850 1573 3905 D.
1628 3878 1692 3893 -
1762 3855 1845 3908 15.
1897 3867 1963 3911 ex
1997 3852 2158 3908 iustis
2191 3857 2315 3919 (τῶν
2352 3856 2429 3909 δι-

234 3945 424 4005 καρῳγ)
466 3956 513 4003 e.
547 3938 634 3999 ed.
670 3953 752 4005 pr.
783 3954 866 4001 v..
899 3935 1010 3989 illis
1044 3936 1105 3991 B.
1134 3938 1193 3993 D.
1228 3934 1289 3989 L.
1327 3937 1450 3993 Vat-
1492 3964 1559 3977 -
1638 3937 1721 3993 16.
1774 3938 1999 3996 veritate
2034 3953 2079 3993 c.
2113 3942 2173 3995 D.
2207 3939 2265 3995 L.
2305 3943 2428 3997 vat.

236 4026 319 4091 ed.
352 4040 435 4096 pr.
470 4030 652 4087 Dresa.
665 4064 680 4087 ‚
717 4022 997 4085 vei-itatem
1033 4016 1147 4077 Cot.
1185 4050 1253 4061 -
1305 4020 1603 4090 iunguntur
1634 4037 1682 4079 c.
1717 4022 1783 4077 D.
1818 4023 1902 4079 ed.
1935 4040 2016 4094 pr.
2054 4043 2104 4082 v.
2119 4068 2133 4093 ,
2188 4026 2447 4097 iungitur·

232 4114 354 4181 132,ss
389 4142 458 4157 --
531 4114 616 4171 174
655 4108 939 4175 diseedunt
972 4123 1016 4160 c.
1050 4110 1109 4161 D.
1144 4106 1226 4167 ed.
1261 4122 1342 4175 pr.
1377 4126 1445 4174 v„
1479 4107 1820 4165 descendunt
1845 4108 1966 4166 Vnt.
2004 4142 2069 4157 --
2092 4110 2249 4167 'enim
2280 4128 2326 4167 c.
2357 4113 2425 4167 D.

235 4199 387 4281 Yet.
423 4202 606 4264 autem
639 4194 722 4265 et
757 4210 839 4263 rt·
877 4211 925 4253 v·
960 4221 1028 4235 ·-
