3003 5080
1169 345 1349 404 Mami.
1385 344 1501 413 XII,
1540 353 1593 402 4.
1632 352 1679 402 5.
2418 349 2509 414 67

317 519 524 600 ponite
569 539 708 599 ergo
755 522 956 598 vohis,
1033 523 1133 602 qui
1174 523 1340 583 vacui
1385 531 1443 583 et
1488 522 1644 584 leves
1688 522 1827 592 estis
1869 522 1930 582 in
1977 521 2125 596 fide,
2196 521 2507 584 dominum

320 632 582 685 vestrum
647 633 705 687 et
745 625 805 686 in
849 625 1032 686 corde
1075 623 1286 686 habete
1329 634 1388 686 et
1430 625 1766 704 intelligetis
1786 673 1801 700 ‚
1868 625 2003 705 quia
2048 624 2192 685 nihil
2236 635 2324 686 est
2368 626 2509 687 faci-

317 726 431 787 lius
488 727 578 788 his
633 729 924 789 mandatis
975 746 1170 807 neque
1213 728 1443 792 dulcius
1490 749 1685 808 neque
1727 729 2090 790 mansuetius
2132 747 2327 808 neque
2370 748 2509 790 san-

322 831 510 904 ctiuS‚
584 839 642 893 et
695 832 1020 894 convertite
1080 852 1186 893 vos
1230 832 1300 892 ad
1347 831 1657 893 dominum
1704 834 1878 895 deum
1921 841 1981 894 et
2021 832 2341 910 relinquite
2384 833 2507 893 dia·—

316 933 524 994 bolum
586 944 645 995 et
700 935 1032 998 voluntates
1091 935 1250 1010 eiuS,
1311 954 1463 1015 quae
1508 938 1712 999 malae·
1738 945 1881 998 sunt
1924 945 1982 997 et
2024 955 2257 998 amarae
2298 946 2357 998 et
2396 937 2507 998 im·
2568 933 2608 996 5

311 1038 613 1112 mundae,
669 1046 726 1098 et
771 1039 956 1100 nolite
999 1038 1207 1100 timere
1251 1039 1589 1114 diabolum,
1626 1029 1633 1036 ’
1666 1039 1803 1118 quia
1847 1039 1909 1098 in
1951 1039 2115 1100 vohis
2156 1048 2507 1120 potestatem

321 1160 442 1202 non
488 1143 686 1203 hahet.
731 1161 842 1222 ego
885 1142 1044 1202 enim
1091 1141 1394 1203 vobiscum
1439 1162 1609 1218 sum,
1658 1143 1911 1204 nuncius
1954 1143 2366 1222 poenitentiae,
2408 1143 2509 1223 qui

319 1245 596 1305 dominor
641 1245 817 1307 illius,
878 1245 1146 1307 diabolus
1189 1257 1387 1307 autem
1433 1247 1707 1308 timorem
1753 1247 1921 1322 facit,
1985 1247 2091 1308 sed
2132 1247 2309 1308 timor
2352 1247 2509 1308 illius

319 1367 506 1409 vanus
563 1357 668 1410 est.
727 1348 909 1410 nolite
969 1369 1110 1430 ergo
1172 1351 1381 1412 timere
1443 1369 1612 1421 eum,
1687 1359 1745 1411 et
1786 1351 1970 1430 fugiet
2008 1371 2039 1412 a
2086 1349 2315 1411 vobis“.
2406 1350 2511 1410 ⁶et

317 1451 436 1512 dixi
477 1452 592 1512 illi:
642 1453 954 1534 „Domine,
1001 1453 1138 1514 audi
1180 1471 1276 1523 me
1318 1471 1505 1533 pauca
1551 1453 1726 1514 verba
1758 1453 2049 1516 dicentem
2080 1452 2248 1514 tibi“.
2300 1451 2607 1530 „Dic“‚10

317 1557 529 1636 inquit.
617 1557 849 1633 „Homo
899 1557 1169 1638 quidem,
1218 1557 1484 1631 domine,
1528 1556 1693 1638 cupit
1734 1559 2008 1618 mandata
2054 1557 2145 1618 dei
2190 1557 2507 1632 custodire,

315 1669 378 1721 et
419 1679 596 1722 nemo
641 1668 764 1742 est,
813 1661 912 1740 qui
957 1680 1079 1721 non
1122 1669 1284 1740 petat
1327 1681 1359 1722 a
1406 1661 1683 1740 dominc,
1730 1669 1797 1720 ut
1837 1661 2026 1740 possit
2068 1661 2343 1721 mandata
2384 1661 2509 1722 eius

311 1781 583 1840 servare,
653 1764 755 1825 sed
815 1763 1088 1825 diabolus
1147 1765 1331 1826 durus
1375 1775 1464 1826 est
1505 1773 1563 1826 et
1604 1763 1872 1844 potentia
1915 1783 2020 1824 sua
2065 1763 2405 1825 dominatur
2447 1764 2509 1824 in

318 1867 410 1930 dei
453 1871 716 1930 servos“.
763 1876 821 1928 et
863 1868 1038 1929 dixit:
1089 1868 1261 1945 „Non
1306 1875 1507 1946 potest
1550 1867 1843 1928 dominari
1884 1867 1946 1928 in
1992 1867 2086 1928 dei
2130 1886 2359 1948 serVOS,
2408 1868 2508 1947 qui

314 1991 390 2033 ex
449 1971 588 2032 totis
644 1971 1003 2052 praecordiis
1062 1971 1122 2031 in
1185 1971 1363 2031 deum
1421 1979 1680 2052 sperant.
1756 1979 1950 2051 potest
2000 1979 2194 2032 autem
2241 1970 2507 2032 diabolus
2528 1968 2637 2032 15·

317 2076 566 2151 luctari,
637 2077 742 2136 sed
787 2075 1020 2137 vincere
1065 2093 1187 2134 non
1236 2082 1448 2155 potest.
1495 2075 1545 2136 si
1591 2075 1750 2136 enim
1793 2075 2015 2136 resistis
2059 2075 2173 2156 illi,
2246 2075 2428 2154 fugiet
2473 2093 2507 2136 a

317 2178 482 2241 vohis
525 2179 826 2240 confusus.
873 2197 1011 2238 nam
1057 2177 1397 2258 quicunque
1448 2179 1510 2239 in
1558 2179 1671 2240 fide
1715 2177 1876 2259 pleni
1921 2195 2044 2238 non
2075 2186 2254 2254 sunt,
2299 2178 2509 2240 timent

317 2281 618 2344 diabolum
665 2283 828 2362 quasi
871 2290 1221 2364 potestatem
1264 2281 1601 2344 habentem.
1648 2281 1918 2343 diabolus
1962 2281 2120 2342 enim
2163 2287 2353 2344 tentat
2381 2301 2506 2344 ser-

315 2401 421 2448 vos
466 2387 593 2463 dei,
665 2395 723 2447 et
768 2387 816 2446 si
858 2385 1151 2447 invenerit
1190 2403 1442 2466 vacuOS,
1504 2385 1878 2446 exterminat.
1926 2385 2080 2446 sicut
2121 2385 2279 2446 enim
2322 2387 2503 2446 homo

318 2509 455 2553 cum
500 2485 764 2572 implevit
803 2488 1118 2570 amphoras
1162 2487 1307 2549 honi
1349 2487 1470 2549 vini
1514 2497 1573 2550 et
1615 2488 1771 2551 inter
1815 2489 1945 2551 illas
1988 2489 2301 2571 amphoras
2330 2489 2505 2551 semi·
2524 2488 2609 2555 20

314 2595 521 2676 plenas
575 2612 792 2675 paucas
849 2593 1046 2673 posuit
1088 2602 1146 2653 et
1202 2583 1416 2668 venit,¹
1473 2600 1540 2653 ut
1598 2601 1788 2669 tentet
1832 2602 1891 2654 et
1932 2600 2128 2671 gustet
2170 2594 2506 2673 amphoraS‚

317 2764 402 2819 ed.
437 2778 516 2833 pr.
549 2780 613 2839 v„
651 2767 778 2819 sunt
812 2761 948 2816 dura
987 2762 1106 2815 Vat.
1141 2791 1208 2801 —
1245 2760 1519 2816 dominum
1555 2775 1599 2816 c.
1636 2762 1757 2817 Vat.
1793 2762 2008 2827 Dress„
2047 2760 2247 2816 domini
2280 2761 2377 2828 D.,
2414 2762 2507 2817 do-

315 2852 521 2906 minum
556 2852 715 2906 deum
733 2850 850 2906 Cot.
875 2876 938 2889 -—
979 2852 1026 2901 2.
1059 2852 1295 2903 vestrum
1317 2862 1362 2903 c.
1383 2850 1506 2903 Vat.
1529 2848 1610 2902 ed.
1628 2863 1708 2917 pr.
1726 2846 1929 2913 Dress„
1966 2853 2209 2902 nostrum
2228 2848 2311 2913 D.‚
2348 2847 2508 2902 deum

315 2944 554 2993 vestrum
588 2936 701 2995 Oct.
737 2966 802 2976 —
839 2940 894 2989 et
926 2934 985 2989 in
1019 2933 1179 2990 corde
1219 2934 1494 2996 habetec
1526 2934 1592 2989 D.
1613 2936 1739 2991 Vat.
1775 2935 1857 2990 ed.
1892 2950 1989 3004 ΡΥ.,
2023 2934 2080 2989 in
2112 2934 2273 2989 corde
2308 2934 2509 2989 habere

315 3036 364 3081 v.
403 3048 470 3064 —*
505 3023 632 3093 quia
666 3040 712 3078 c.-
732 3019 798 3077 D.
821 3020 1050 3077 Vat..ed.
1070 3036 1168 3090 ΡΥ.,
1206 3020 1350 3089 quod
1384 3040 1432 3077 v.
1464 3053 1532 3063 —
1570 3025 1619 3077 2.
1641 3022 1691 3075 3.
1732 3027 1817 3077 est
1848 3020 2064 3077 facilius
2099 3037 2147 3076 c.
2168 3018 2233 3075 D.
2250 3020 2392 3085 Vat„
2427 3019 2509 3074 fa.-

315 3110 480 3167 cilius
515 3117 600 3165 est
633 3109 716 3166 ed.
751 3124 830 3179 pr.
866 3127 912 3164 v.
956 3138 1022 3149 —-—
1095 3111 1142 3161 5.
1181 3108 1485 3163 voluntates
1524 3110 1797 3177 (ἐντολαῖς)
1833 3122 1880 3162 c.
1919 3108 2077 3176 Vict„
2109 3108 2412 3175 voluptates
2442 3104 2529 3167 D„

313 3198 438 3255 Vat.
477 3197 558 3252 ed.
592 3214 672 3267 pr.
703 3214 754 3254 v.
791 3220 857 3236 --
912 3194 1031 3249 eius
1066 3210 1113 3251 c.
1150 3193 1270 3249 Vat.
1312 3195 1394 3250 ed.
1431 3211 1517 3265 ΡΥ.
1552 3214 1627 3261 v.‚
1674 3194 1823 3249 illius
1855 3195 1921 3249 D.
1962 3224 2028 3235 -—
2084 3209 2223 3263 quae
2256 3210 2303 3251 c.
2344 3192 2411 3250 D.
2444 3191 2509 3249 L.

314 3285 554 3351 (Di-ess.)
581 3282 730 3349 Vat„
783 3281 912 3350 quia
965 3280 1048 3336 ed.
1081 3296 1164 3348 pr.
1199 3298 1246 3335 v.
1284 3310 1351 3321 —
1423 3282 1469 3335 6.
1527 3281 1799 3337 diabolum
1846 3298 1890 3337 c.
1930 3279 1998 3337 D.
2035 3280 2118 3337 ed.
2152 3296 2233 3349 pr.
2268 3297 2345 3348 v.,
2404 3294 2507 3335 om.

314 3372 440 3427 Vat.
476 3394 544 3409 ---
617 3370 662 3423 ⁷.
699 3368 973 3425 vobiscum
1007 3384 1051 3424 c.
1087 3367 1210 3425 Vat.
1250 3369 1332 3423 ed.
1368 3385 1448 3438 pr.
1485 3386 1535 3427 v.
1553 3410 1566 3435 ‚
1600 3368 1752 3424 vobis
1786 3368 1853 3427 D.
1891 3398 1957 3409 --
1992 3366 2356 3437 poenitentiae
2393 3368 2509 3438 (pae-

315 3458 554 3525 τανυιάς)
591 3472 636 3512 c.
670 3455 741 3513 D.
781 3455 863 3510 ed.
897 3470 977 3523 pr.
1014 3442 1078 3521 (7.,
1115 3455 1390 3523 potentiae
1431 3454 1553 3511 Vat.
1589 3455 1774 3509 DresS.
1810 3484 1875 3494 —
1950 3458 2031 3508 10.
2067 3454 2332 3510 dicentem
2367 3469 2413 3511 c.
2448 3452 2507 3507 B.

315 3541 385 3598 D.
422 3538 548 3602 Vat.
583 3560 658 3609 v.,
694 3542 1003 3611 loquentem
1037 3541 1120 3596 ed.
1155 3557 1233 3611 pr.
1280 3573 1333 3579 —-
1417 3544 1500 3599 11.
1539 3542 1782 3610 quidem,
1820 3540 2062 3607 domine,
2098 3539 2245 3609 cupit
2276 3539 2368 3609 (cf.
2402 3540 2508 3609 gr.)

313 3642 360 3685 e.
397 3625 484 3697 D„
520 3628 736 3698 quidem
771 3630 919 3699 cupit
952 3630 1072 3685 Vat.
1112 3628 1194 3686 ed.
1234 3643 1334 3696 ΡΥ.,
1369 3627 1604 3696 inquam,
1640 3626 1789 3695 cupit
1822 3626 2037 3695 quidem
2072 3645 2120 3682 v.
2156 3654 2224 3667 -
2286 3626 2368 3681 13.
2408 3640 2510 3681 sua

314 3728 362 3775 c.
399 3715 519 3772 Vat.
569 3717 650 3771 ed.
696 3733 777 3787 pr.
810 3735 889 3782 v.‚
951 3716 1070 3770 eius
1109 3715 1176 3769 D.
1203 3712 1206 3715 ’
1231 3746 1299 3755 --
1371 3717 1452 3767 15.
1497 3714 1554 3769 in
1604 3712 1763 3769 deum
1798 3717 2018 3783 sperant
2049 3712 2390 3781 (ἐλπιζόντων
2426 3715 2503 3767 ἐπ’

315 3802 508 3883 αιξτὸν)
545 3803 763 3860 c.-Vict.
801 3807 1049 3873 (sperant
1084 3800 1246 3856 etiam
1281 3800 1396 3870 Β.),
1445 3800 1503 3856 in
1538 3800 1699 3856 deum
1733 3800 1961 3855 credunt
1992 3797 2088 3865 D.,
2145 3799 2202 3853 in
2237 3798 2509 3855 dominum

313 3888 547 3945 credunt
577 3888 698 3945 Vat.
735 3888 819 3946 ed.
854 3904 934 3957 pr.
968 3906 1014 3943 v.
1053 3916 1114 3927 -·
1189 3890 1267 3941 16.
1301 3887 1380 3943 illi
1416 3904 1459 3943 c.
1494 3887 1559 3942 D.
1597 3887 1679 3942 ed.
1712 3901 1795 3959 pr.
1831 3905 1895 3953 v.,
1928 3885 2030 3941 sibi
2068 3884 2190 3943 Vat.
2224 3918 2293 3927 -
2331 3888 2413 3943 17.
2451 3888 2509 3942 in

313 3975 423 4031 fide
456 3990 502 4031 c.
539 3975 604 4029 D.
644 3975 768 4032 Vat.
806 3975 890 4044 ed.
927 3990 1038 4043 ΡΥ.,
1072 3973 1178 4029 fide
1219 3990 1265 4029 v.
1303 4003 1368 4014 —
1442 3976 1526 4033 18.
1563 3974 1707 4029 enim
1739 3990 1784 4030 c.
1818 3972 1939 4030 Vat.
1979 3971 2063 4029 ed.
2098 3987 2181 4040 pr.
2213 3988 2289 4039 v.‚
2328 3978 2509 4031 autem

242 4129 249 4133 ‚
314 4060 382 4118 D.
425 4092 486 4103 --
557 4064 640 4118 20.
675 4061 802 4118 beni
837 4061 946 4117 vini
981 4076 1026 4115 c.
1063 4061 1127 4118 D.
1165 4061 1317 4126 Vah,
1353 4062 1492 4118 bono
1529 4060 1653 4118 vino
1687 4060 1773 4119 ed.
1810 4074 1887 4131 pr.
1923 4077 1972 4115 v.
2012 4092 2069 4102 —
2110 4060 2197 4119 20.
2230 4061 2312 4117 21.
2350 4060 2511 4119 semi-

313 4149 508 4219 plenas
541 4161 744 4219 paucas
780 4165 821 4207 c.
859 4148 980 4205 Vat.
1015 4148 1099 4205 ed.
1133 4164 1242 4220 ΡΥ.,
1276 4161 1483 4219 paucas
1520 4147 1845 4219 semiplenas
1876 4149 1934 4201 D.
1976 4162 2026 4202 v.
2064 4174 2127 4187 —

2018 4236 2103 4299 5.
