3003 5080
521 430 646 497 146
1510 428 1721 485 Pastor.

517 607 901 670 fundamenta
945 604 1246 677 habentes·
1271 606 1494 669 herbae
1540 624 1769 668 eorum.
1814 605 2009 669 verbis
2038 607 2453 668 tantummodo
2484 606 2709 679 vivunt,

521 730 698 791 opera
759 728 895 770 vero
942 727 1147 770 eorum
1195 718 1428 771 mortua
1471 718 1633 771 sunt.
1711 708 1771 769 hi
1813 728 1954 789 ergo
2002 728 2113 771 nec
2154 710 2372 772 mortui
2414 720 2556 772 sunt
2600 728 2711 770 nec

519 814 633 875 vivi
687 823 748 875 et
802 812 965 873 dubii
1020 811 1287 873 similiter
1330 822 1489 874 sunt.
1538 822 1597 873 et
1639 812 1750 891 ipsi
1796 812 1958 873 dubii
2004 832 2116 874 nec
2159 812 2372 873 virides
2415 823 2559 874 sunt
2596 830 2710 873 nec

521 917 669 978 aridi
710 917 768 978 id
816 924 903 978 est
946 933 1057 976 nec
1100 914 1211 975 vivi
1256 934 1368 977 nec
1413 914 1656 976 mortui.
1702 914 1852 976 sicut
1896 916 2051 977 enim
2099 915 2315 978 herbae
2345 933 2555 977 eorum
2583 916 2711 976 sole

460 1011 644 1081 5viso
702 1026 1030 1092 aruerunt‚'
1093 1018 1171 1079 ita
1227 1028 1286 1079 et
1338 1017 1503 1078 dubii
1557 1016 1732 1078 simul
1787 1019 2091 1081 audientes
2133 1019 2603 1099 persecutionem
2651 1027 2711 1079 et

520 1122 899 1187 incommoda
943 1129 1273 1183 metuentes
1313 1120 1621 1183 redierunt
1662 1120 1734 1182 ad
1778 1122 2091 1185 simulacra
2133 1140 2343 1185 rursus
2390 1129 2450 1183 et
2492 1121 2711 1183 servie-

518 1236 663 1290 runt
705 1225 787 1287 eis
833 1233 890 1286 et
934 1223 1304 1287 erubuerunt
1344 1223 1572 1285 domini
1612 1224 1884 1311 suitferre
1916 1244 2155 1287 nomen.
2200 1224 2539 1286 huiusmodi
2566 1242 2709 1303 ergo

519 1330 792 1391 homines
839 1345 950 1388 nec
992 1325 1101 1387 vivi
1145 1344 1257 1387 nec
1291 1326 1515 1388 mortui
1551 1334 1714 1389 sunt.
1757 1327 1857 1388 sed
1904 1337 1964 1389 et
2006 1328 2066 1388 hi
2111 1337 2363 1409 possunt
2405 1318 2629 1402 vivere.
2662 1326 2713 1387 si

521 1433 636 1493 cito
697 1429 928 1511 egerint
980 1428 1434 1507 poenitentiam;
1506 1430 1598 1490 sin
1657 1429 1889 1505 minuS‚
1958 1430 2072 1492 iam
2133 1430 2331 1493 traditi
2392 1437 2535 1492 sunt
2574 1447 2711 1491 mu·

423 1532 764 1597 101ieribus
819 1531 966 1607 illis,
1040 1549 1189 1609 quae
1245 1533 1518 1594 auferent
1574 1532 1750 1593 vitam
1808 1552 2035 1595 eorum.
2123 1532 2189 1571 ²²
2204 1534 2275 1595 de
2319 1532 2526 1613 quinto
2569 1550 2711 1593 vero

521 1622 727 1699 monte
781 1652 989 1715 aspero
1049 1643 1107 1695 et
1160 1634 1371 1695 virides
1430 1634 1643 1695 herhas
1699 1635 1957 1697 habente
2013 1634 2351 1697 huiusmodi
2407 1644 2550 1697 sunt
2606 1634 2713 1713 qui

519 1740 929 1818 crediderunt,
1001 1736 1205 1798 fideles
1248 1736 1522 1814 quidem,
1594 1738 1697 1799 sed
1750 1738 1983 1801 difficile
2025 1739 2317 1801 discentes
2360 1747 2422 1800 et
2458 1738 2714 1798 audaces

519 1865 588 1907 ac
641 1842 752 1905 sibi
795 1840 1116 1922 placenteS,
1162 1839 1426 1901 volentes
1469 1848 1686 1902 cuncta
1726 1842 1875 1903 scire
1919 1841 2183 1920 nihilque
2228 1841 2475 1903 omnino
2518 1840 2713 1901 scien-

518 1956 625 2009 teS.
671 1954 929 2026 ⁸propter
983 1943 1141 2005 hauc
1193 1942 1373 2023 igitur
1429 1944 1732 2005 audaciam
1786 1964 1995 2006 sensus
2036 1945 2300 2007 discessit
2346 1943 2421 2007 ab
2464 1943 2581 2017 cisi,
2653 1952 2713 2004 et

423 2046 758 2113 15iutravit
797 2048 861 2109 in
904 2047 988 2109 eis
1023 2047 1182 2109 fatua
1226 2047 1652 2127 praesumptio.
1720 2046 2004 2109 sublimes
2048 2057 2244 2109 autem
2289 2066 2353 2109 se
2394 2056 2615 2127 gerunt
2653 2056 2711 2107 et

519 2154 700 2217 veluti
755 2150 1080 2233 prudentes
1102 2195 1119 2225 ,
1158 2158 1217 2210 et
1281 2168 1416 2211 cum
1463 2150 1582 2211 sint
1624 2149 1825 2226 stulti,
1896 2150 2145 2231 cupiunt
2186 2152 2461 2213 doctores
2502 2149 2712 2211 videri.

519 2265 766 2340 propter
833 2255 987 2316 hanc
1044 2252 1386 2335 stultitiam,
1455 2252 1599 2313 dum
1657 2272 1719 2314 se
1783 2254 2198 2335 magnificant,
2270 2253 2443 2315 multi
2498 2272 2711 2315 eorum

459 2436 474 2447 ι
522 2357 802 2423 exinaniti
853 2362 1013 2417 sunt.
1077 2373 1360 2435 magnum
1414 2355 1574 2417 enim
1621 2354 1996 2419 daemonium
2047 2366 2138 2419 est
2178 2356 2417 2419 audacia
2460 2366 2521 2418 et
2564 2376 2714 2419 con-

517 2580 639 2637 Vat.
658 2579 790 2634 Mss.
811 2576 967 2646 Angl.
987 2575 1072 2630 ed.
1089 2590 1184 2646 pr..
1223 2575 1431 2636 nullum
1445 2573 1857 2630 fundamentum
1874 2593 1921 2630 v.
1940 2607 2008 2618 -
2062 2577 2107 2632 1.
2143 2576 2321 2632 verbis
2340 2593 2387 2632 c.
2405 2576 2491 2642 D.,
2532 2575 2715 2630 verbis

516 2682 643 2724 vero
661 2669 801 2730 vat„
833 2662 1014 2717 verbis
1043 2661 1186 2716 enim
1221 2661 1306 2718 ed.
1340 2675 1422 2729 pr.
1455 2678 1504 2715 v.
1540 2690 1603 2700 -
1643 2665 1692 2717 2.
1724 2677 1852 2718 vero
1887 2678 1929 2716 c.
1949 2662 2015 2718 D.
2052 2662 2135 2718 ed.
2154 2677 2238 2733 pr.
2258 2680 2323 2729 v.,
2360 2679 2461 2718 om.
2482 2662 2603 2717 Vat.
2642 2691 2713 2704 --

515 2757 566 2810 2.
602 2756 650 2808 3.
686 2765 786 2808 nec
821 2749 1016 2804 mortui
1053 2752 1182 2803 sunt
1213 2763 1314 2803 nec
1345 2746 1452 2803 vivi
1487 2760 1533 2799 c.
1571 2749 1694 2802 Vat.
1730 2746 1817 2805 ed.
1850 2763 1933 2818 pr.
1967 2763 2017 2804 v.
2031 2788 2046 2814 ,
2081 2748 2279 2804 mortui
2315 2756 2442 2804 sunt
2474 2765 2575 2805 nec
2609 2764 2720 2805 uec

514 2839 621 2897 vivi
654 2839 724 2896 D.
779 2867 836 2877 -
914 2837 962 2890 3.
1009 2840 1066 2888 et
1112 2833 1263 2890 dubii
1306 2847 1353 2888 c.
1395 2834 1517 2888 Vut.
1551 2831 1635 2888 ed.
1668 2847 1749 2903 pr.
1786 2851 1866 2900 v.,
1918 2833 2067 2889 dubii
2100 2833 2167 2889 D.
2204 2862 2273 2875 —
2325 2843 2380 2890 et
2412 2835 2519 2906 ipsi
2558 2851 2605 2890 c.
2639 2834 2717 2890 D.

515 2925 669 2991 Vat„
718 2922 826 2994 ipsi
860 2921 1004 2976 enim
1039 2919 1123 2975 ed.
1157 2933 1239 2989 pr.
1271 2937 1320 2974 v.
1359 2951 1424 2960 -
1494 2923 1545 2973 3.
1579 2923 1629 2973 4.
1662 2935 1764 2976 nec
1798 2920 1937 2975 aridi
1972 2937 2018 2978 c.
2053 2920 2121 2973 D.
2154 2920 2303 2984 Vnt,
2357 2936 2535 2991 neque
2568 2920 2719 2976 aridi

515 3011 598 3066 ed.
636 3026 720 3081 pr.
754 3028 805 3065 v.
839 3040 908 3050 -
978 3011 1029 3066 5.
1065 3011 1121 3061 et
1151 3005 1301 3061 dubii
1340 3021 1388 3060 c.
1421 3005 1549 3064 Vat.
1582 3006 1666 3062 ed.
1699 3022 1781 3076 pr.
1816 3023 1883 3070 v.,
1916 3005 2068 3060 dubii
2100 3005 2170 3064 D.
2206 3035 2271 3048 -
2310 3007 2471 3061 simul
2502 3023 2550 3062 c.
2568 3005 2716 3072 Vat„

517 3099 743 3154 simulac
775 3096 842 3151 D.
884 3097 973 3163 (ut
1004 3093 1269 3160 videtur),
1323 3093 1484 3148 simul
1523 3099 1587 3148 ut
1624 3093 1707 3148 ed.
1742 3107 1823 3162 pr.
1857 3110 1910 3149 v.
1946 3123 2014 3132 -——
2062 3095 2109 3144 5.
2148 3096 2195 3148 6.
2232 3093 2393 3147 simul
2424 3092 2717 3149 audientes

512 3183 944 3255 persecutionem
978 3187 1034 3235 et
1065 3178 1404 3235 incommoda
1435 3193 1484 3237 c.
1508 3179 1575 3233 D.
1594 3180 1657 3238 L.
1674 3179 1799 3235 Vat-
1831 3183 1961 3246 (om.
1998 3179 2200 3247 simul),
2235 3179 2395 3233 simul
2429 3186 2490 3232 ut
2521 3179 2717 3234 audie-

514 3277 644 3326 runt
673 3267 1128 3340 persecutionem,
1162 3265 1494 3323 incommoda.
1528 3266 1610 3320 ed.
1646 3281 1730 3335 pr.
1761 3281 1810 3320 v.
1847 3293 1913 3304 -—
1985 3269 2033 3320 6.
2067 3279 2259 3320 rursus
2294 3272 2350 3320 et
2380 3279 2427 3318 c.
2460 3265 2526 3319 D.
2561 3264 2716 3331 Vat„

517 3361 577 3410 et
609 3369 802 3411 rursus
835 3353 919 3409 ed.
955 3368 1039 3424 pr.
1073 3370 1137 3419 v.,
1174 3383 1239 3393 --
1313 3353 1362 3409 7.
1396 3351 1542 3406 ferre
1576 3367 1773 3409 nomen
1804 3369 1851 3407 c.
1883 3351 1953 3410 D.
1986 3350 2069 3408 ed.
2101 3367 2181 3421 pr.
2218 3369 2299 3416 v.,
2332 3366 2527 3431 nomen
2561 3351 2717 3406 ferre

516 3441 640 3498 Vat.
680 3471 744 3482 —
813 3443 864 3499 9.
897 3440 1007 3495 ium
1039 3455 1088 3498 c.
1121 3437 1192 3496 D.
1235 3438 1320 3496 ed.
1355 3453 1436 3508 pr.
1481 3456 1561 3504 v.,
1606 3454 1709 3494 om.
1752 3439 1874 3493 vat.
1912 3466 1969 3476 -
2046 3441 2127 3493 10.
2160 3438 2270 3494 illis
2304 3453 2353 3496 c.
2386 3437 2453 3492 D.
2490 3438 2572 3493 ed.
2608 3453 2716 3508 pr..

516 3544 615 3583 om.
658 3531 776 3584 Vat-
815 3555 875 3566 -
951 3529 1031 3579 11.
1067 3525 1376 3585 huiusmodi
1409 3539 1457 3579 c.
1488 3524 1615 3580 Vat.
1654 3524 1741 3581 ed.
1774 3539 1854 3595 pr.
1890 3542 1969 3591 v.,
2015 3522 2094 3578 hii
2126 3523 2193 3578 D.
2235 3553 2297 3566 «-
2373 3527 2452 3578 12.
2489 3523 2715 3580 difficile

516 3615 787 3670 discentes
822 3612 919 3682 (cf.
950 3612 1094 3681 Pal.)
1130 3611 1360 3676 emend„
1396 3610 1615 3666 difficile
1648 3610 1929 3665 credentes
1963 3609 2115 3665 codd.
2151 3619 2206 3664 et
2240 3611 2361 3666 edd.
2394 3640 2460 3650 —
2498 3611 2578 3665 13.
2615 3625 2713 3664 vo-

513 3701 693 3756 lentes
740 3699 832 3764 (cf.
871 3699 978 3769 gr.)
1015 3712 1059 3754 c.
1095 3696 1182 3764 L„
1233 3698 1480 3754 volentes
1513 3696 1683 3751 videri
1721 3695 1791 3753 D.
1828 3695 1910 3751 ed.
1945 3710 2025 3766 pr.
2060 3713 2108 3752 v.
2123 3738 2137 3761 ‚
2196 3699 2440 3754 volentes
2473 3696 2713 3752 vendere

512 3789 712 3842 cuncta
745 3785 986 3841 scidaces
1022 3785 1122 3853 (ad
1150 3801 1302 3840 oram
1335 3799 1476 3839 man.
1515 3797 1655 3839 see:
1705 3782 2041 3851 scrutantes)
2087 3782 2211 3839 Vat.
2258 3812 2327 3824 -
2382 3782 2625 3852 nihilque
2658 3797 2709 3838 c.

514 3871 578 3926 D.
617 3871 700 3926 ed.
732 3886 813 3942 pr.
844 3887 924 3939 v.,
973 3870 1112 3927 nihil
1144 3869 1288 3926 enim
1322 3869 1449 3925 Vat.
1508 3899 1560 3908 -—
1638 3873 1719 3922 14.
1754 3868 1923 3937 igitur
1956 3882 2001 3922 c.
2043 3867 2168 3923 Vat.
2208 3867 2292 3926 ed.
2324 3885 2407 3940 pr.
2440 3885 2515 3934 v.,
2576 3884 2711 3938 ergo

513 3955 582 4014 D.
638 3987 707 3997 —
757 3958 828 4013 ab
863 3957 944 4012 eis
978 3973 1023 4013 c.
1055 3956 1125 4014 D.
1161 3957 1287 4014 Vat.
1322 3956 1406 4012 ed.
1440 3970 1554 4025 pr.‚
1588 3955 1659 4009 ab
1691 3955 1801 4009 illis
1834 3972 1883 4012 v.
1926 3983 1985 3993 -
2060 3959 2138 4030 13).
2173 3955 2232 4009 in
2266 3955 2347 4010 eis
2383 3972 2427 4010 c.
2461 3955 2529 4011 D.
2564 3955 2713 4021 Vat,

511 4045 570 4098 in
620 4058 712 4098 eos
747 4042 828 4099 ed.
865 4057 946 4112 pr.
982 4061 1030 4100 v.
1083 4073 1140 4084 -
1200 4042 1358 4098 fatua
1389 4043 1762 4112 praesumptio
1796 4055 1843 4096 c.
1876 4040 1935 4097 B.
1971 4041 2041 4097 D.
2076 4040 2133 4096 L.
2169 4040 2295 4097 Vat.
2327 4040 2536 4110 (fututa
2568 4040 2706 4098 Mss.

511 4131 717 4199 Angl.)‚
746 4129 1039 4185 temeraria
1071 4131 1440 4201 praesumptio
1482 4128 1568 4183 ed.
1604 4143 1684 4199 pr.
1698 4169 1713 4193 ‚
1746 4130 2037 4184 temeraria
2071 4128 2383 4198 arrogantia
2417 4145 2464 4183 v.
2503 4157 2568 4166 —
2624 4130 2708 4186 18.

511 4215 718 4273 exinati
749 4215 818 4272 D.
855 4243 921 4257 -
979 4215 1122 4270 euim
1155 4232 1201 4272 c.
1236 4216 1306 4270 D.
1337 4215 1423 4272 ed.
1463 4230 1544 4285 pr.
1581 4234 1655 4280 v.,
1691 4231 1793 4270 om.
1832 4213 1953 4269 Vat.
1994 4245 2063 4255 —
