3003 5080
528 394 652 457 120
1087 423 1090 428 ·
1526 392 1737 451 Pastor.

531 568 712 635 turris
757 569 1039 631 eiusdem.
1089 578 1344 648 quatuor
1391 588 1533 647 ergo
1582 570 1817 631 ordines
1862 556 2188 648 coeperunt
2233 586 2358 628 esse
2402 566 2463 626 in
2507 563 2727 624 funda-

528 679 729 733 mento
796 672 973 733 turris
1030 672 1223 733 huiuS.
1299 672 1598 734 desierunt
1640 673 1796 733 enim
1842 673 2065 753 lapides
2100 672 2417 733 ascendere
2464 668 2534 759 de
2574 684 2727 745 pro-

530 776 735 836 funde.
794 775 1094 855 paulisper
1153 775 1327 835 etiam
1383 784 1447 836 et
1504 776 1564 835 hi
1610 776 1711 856 qui
1754 776 2137 838 aedificabant
2177 773 2549 854 quieverunt.
2611 768 2728 829 ite·

529 897 662 939 rum
718 878 803 938 illi
861 897 962 939 sex
1020 878 1128 939 viri
1187 878 1553 940 multitudini
1611 879 1749 940 huic
1808 879 2281 959 imperaverunt,
2352 883 2417 936 ut
2474 873 2547 934 de
2602 872 2729 933 illis

465 975 508 1038 5
530 980 838 1042 duodecim
899 982 1201 1043 montibus
1253 982 1635 1061 adportarent
1675 982 1896 1063 lapides
1939 981 2013 1043 ad
2056 978 2517 1043 aedificationem
2564 976 2729 1037 eius·

531 1084 660 1145 dem
709 1085 909 1146 turriS.
953 1085 1039 1145 illi
1085 1094 1280 1146 autem
1327 1086 1675 1147 excidebant
1719 1087 1792 1147 de
1836 1085 2123 1147 universis
2166 1082 2471 1145 montibus
2498 1079 2730 1159 lapides

529 1188 700 1249 variis
746 1188 1045 1249 coloribus
1090 1197 1148 1249 et
1190 1196 1569 1269 apportantes
1606 1209 1708 1251 eos
1750 1189 2133 1270 porrigebant
2177 1186 2517 1269 virginibuS‚
2566 1201 2727 1263 quos

528 1292 660 1359 illae
707 1292 1057 1371 accipientes
1104 1292 1540 1353 transferebant
1570 1302 1627 1355 et
1658 1293 1719 1354 in
1752 1292 2214 1355 aedificationem
2244 1288 2425 1350 turris
2452 1287 2730 1368 porrige-

531 1395 694 1456 bant.
739 1395 799 1455 in
848 1414 1023 1474 quam
1070 1414 1205 1455 cum
1251 1396 1457 1457 structi
1504 1407 1702 1459 essent
1742 1397 1863 1471 illi,
1923 1395 2155 1458 candidi
2199 1393 2457 1472 variique
2500 1390 2731 1452 fiebant

429 1492 510 1556 10
529 1507 587 1559 et
633 1498 854 1560 similes
903 1517 1110 1560 omnes
1154 1509 1212 1560 et
1255 1500 1482 1579 priores
1528 1501 1837 1563 mutabant
1882 1500 2130 1561 coloreS.
2178 1496 2415 1576 quidam
2459 1514 2596 1557 vero
2644 1482 2747 1555 ab'

527 1602 670 1682 ipsis
715 1601 852 1663 viris
895 1602 1368 1681 porrigebantur.
1413 1604 1513 1681 qui
1560 1623 1695 1665 cum
1740 1605 1801 1665 in
1845 1623 1975 1666 eam
2018 1600 2481 1664 aedificationem
2527 1598 2727 1660 venis-

525 1714 695 1779 sent,
768 1705 970 1785 quales
1021 1706 1434 1785 ponebantur,
1508 1708 1656 1769 tales
1716 1706 2165 1788 permanebant.
2226 1704 2286 1764 hi
2330 1722 2440 1764 nec
2485 1701 2728 1763 candidi

529 1810 750 1870 fiebant
794 1829 905 1870 nec
949 1809 1122 1885 varii,
1182 1810 1462 1888 quoniam
1510 1830 1633 1872 non
1680 1821 1849 1872 erant
1890 1831 1922 1872 a
1970 1809 2288 1890 virginibus
2332 1825 2440 1888 per
2485 1814 2727 1887 portam

529 1911 816 1973 translati.
862 1912 922 1974 hi
967 1932 1107 1993 ergo
1149 1913 1370 1994 lapides
1415 1914 1709 1975 deformes
1754 1924 1925 1975 erant
1966 1914 2026 1974 in
2074 1911 2498 1974 aedificatione.
2566 1929 2729 1989 quos

381 2086 388 2089 ,
430 2010 510 2074 15
531 2035 666 2076 cum
727 2016 1276 2078 animadvertissent
1331 2016 1417 2077 illi
1461 2036 1564 2078 sex
1608 2018 1746 2098 viri,
1822 2017 2124 2078 iusserunt
2168 2014 2293 2077 tolli
2336 2022 2394 2075 et
2432 2033 2543 2075 suo
2583 2013 2726 2074 loco

529 2119 768 2188 referri,
811 2120 970 2181 unde
1018 2120 1308 2200 apportati
1352 2130 1541 2182 erant.
1588 2129 1646 2181 et
1691 2121 1895 2182 dicunt
1933 2120 2006 2181 ad
2047 2120 2215 2200 illos,
2276 2118 2377 2196 qui
2421 2118 2532 2179 hos
2574 2116 2730 2196 lapi-

532 2222 632 2283 des
703 2222 1084 2283 adferebant:
1163 2222 1464 2299 „Omnino
1522 2241 1628 2283 vos
1688 2222 1858 2284 nobis
1914 2224 1986 2284 ad
2044 2221 2506 2284 aedificationem
2568 2221 2731 2281 hanc

669 2394 718 2443 1.
754 2388 920 2443 turris
957 2390 1198 2446 eiusdem
1233 2404 1281 2445 c.
1318 2392 1442 2446 Vat.
1462 2432 1476 2457 ‚
1513 2390 1756 2445 eiusdem
1792 2392 1958 2446 turris
1994 2390 2061 2445 D.
2078 2432 2091 2456 ,
2126 2390 2295 2445 turris
2332 2389 2482 2445 illius
2518 2387 2603 2444 ed.
2635 2403 2729 2455 pr.

527 2494 576 2530 v.
621 2504 679 2515 -·
719 2490 878 2531 ornes
913 2474 1128 2531 ordines
1163 2477 1287 2532 Vat.
1323 2508 1392 2517 —-
1453 2480 1497 2531 1.
1536 2482 1583 2532 2.
1623 2476 1974 2533 fundamento
2008 2494 2054 2533 c.
2096 2479 2219 2533 Vat.
2256 2476 2342 2532 ed.
2379 2490 2460 2546 pr.
2496 2492 2561 2537 v.‚
2596 2472 2727 2527 fun-

527 2561 794 2617 damentis
827 2562 894 2616 D.
931 2563 991 2617 L.
1029 2593 1095 2604 —-
1167 2567 1214 2618 2.
1247 2563 1410 2619 huius
1445 2580 1492 2618 c.
1529 2565 1596 2618 D.
1632 2565 1693 2619 L.
1711 2607 1725 2630 ‚
1771 2565 1920 2621 illius
1958 2569 2088 2620 Vat.
2125 2565 2214 2624 ed.
2248 2578 2330 2632 pr.
2368 2581 2417 2618 v.
2456 2590 2521 2601 —
2576 2560 2728 2616 enim

525 2665 570 2704 c.
605 2649 673 2704 D.
710 2648 830 2704 Vat.
873 2649 954 2704 ed.
991 2666 1070 2719 pr.
1103 2669 1182 2715 v.‚
1221 2665 1348 2721 ergo
1379 2651 1442 2708 L.
1479 2681 1548 2690 ——
1583 2651 1793 2721 lapides
1828 2651 2121 2707 ascendere
2156 2668 2202 2706 c.
2226 2649 2301 2723 L.
2338 2650 2493 2712 vat„
2530 2662 2725 2703 ascen-

525 2735 654 2790 dere
699 2735 908 2804 lapides
956 2736 1055 2804 D„
1109 2736 1318 2806 lapides
1371 2737 1583 2792 extrahi
1627 2737 1709 2791 ed.
1746 2753 1825 2807 pr.
1860 2756 1911 2794 v.
1966 2766 2031 2776 -
2106 2738 2156 2790 3.
2197 2736 2359 2792 etiam
2394 2741 2449 2790 et
2480 2735 2539 2788 hi
2572 2749 2619 2787 c.
2653 2735 2724 2787 D.

523 2822 676 2887 Vat.,
733 2824 896 2878 etiam
940 2832 997 2877 et
1029 2821 1071 2877 ii
1107 2822 1192 2877 ed.
1228 2839 1341 2890 pr..
1397 2829 1453 2878 et
1489 2823 1550 2877 hi
1582 2841 1632 2878 v.
1671 2853 1735 2864 -
1810 2827 1857 2877 3.
1900 2827 1949 2876 4.
1986 2823 2183 2877 iterum
2218 2822 2299 2878 illi
2334 2838 2381 2877 c.
2417 2823 2483 2877 D.
2522 2821 2605 2876 ed.
2642 2837 2724 2890 pr.

523 2925 573 2962 v.
587 2949 601 2974 ‚
636 2907 766 2983 item
799 2909 858 2962 hi
894 2910 1020 2964 Vat.
1073 2939 1142 2949 —
1213 2914 1261 2963 4.
1295 2909 1628 2965 multitudini
1660 2910 1786 2966 huic
1823 2927 1867 2966 c.
1900 2909 2024 2966 Vat.
2040 2950 2053 2974 ,
2108 2908 2234 2965 huic
2267 2906 2599 2965 multitudini
2639 2907 2727 2971 D.‚

523 2993 857 3050 multitudini
888 2995 968 3050 illi
1001 2995 1085 3051 ed.
1121 3011 1204 3064 pr.
1240 3013 1290 3050 v.
1326 3027 1396 3037 -
1431 3000 1491 3050 ut
1526 3011 1573 3050 c.
1610 2996 1733 3052 Vat.
1770 2996 1855 3051 ed.
1891 3012 1970 3064 pr.
2005 3013 2073 3062 v.‚
2112 3001 2169 3050 et
2192 2997 2260 3050 D.
2298 3025 2364 3035 —
2404 2999 2451 3048 5.
2489 2995 2541 3052 6.
2574 2993 2726 3048 eius-

525 3079 648 3134 dem
683 3080 850 3135 turris
885 3098 927 3136 c.
964 3081 1030 3138 D.
1073 3083 1227 3149 Vat.‚
1263 3084 1429 3138 turris
1465 3082 1712 3138 eiusdem
1748 3082 1831 3137 ed.
1865 3098 1947 3151 pr.
1983 3100 2032 3137 v.
2076 3111 2145 3122 —
2216 3085 2263 3137 6.
2300 3084 2348 3138 7.
2384 3081 2594 3150 lapides
2630 3097 2727 3136 va-

523 3165 623 3219 riis
669 3165 936 3221 coloribus
980 3175 1038 3222 et
1087 3175 1434 3238 apportantes
1481 3186 1528 3227 c.
1562 3169 1627 3224 D.
1662 3171 1791 3224 Vat.
1826 3169 1959 3224 Mss.
1995 3168 2150 3236 Angl.
2184 3167 2549 3238 (adportatos)
2562 3210 2575 3234 ,
2630 3184 2724 3224 va·

523 3250 728 3312 riorum
777 3252 1016 3307 colorum
1063 3255 1272 3323 lapides
1308 3261 1363 3310 et
1400 3254 1707 3310 deferentes
1744 3254 1828 3309 ed.
1863 3270 1946 3323 pr.
1982 3272 2028 3311 v.
2066 3285 2133 3294 -—
2204 3257 2272 3308 8..
2288 3256 2340 3312 9.
2374 3255 2726 3323 porrigebant

525 3343 582 3392 et
624 3337 683 3392 in
729 3337 1155 3395 aedificationem
1199 3341 1366 3396 turris
1400 3340 1801 3397 transferebant
1834 3339 1900 3398 B.
1933 3340 1997 3396 L.
2054 3371 2119 3383 —
2190 3343 2240 3394 9.
2278 3357 2439 3410 quam
2472 3355 2515 3394 c.
2555 3341 2621 3393 D.
2658 3341 2722 3394 L.

524 3425 676 3491 Vat„
731 3440 929 3493 aquam
964 3425 1130 3492 Vict.,
1182 3444 1290 3496 qua
1329 3427 1413 3482 ed.
1448 3443 1529 3497 pr.
1570 3444 1619 3483 v.
1655 3456 1722 3466 —
1778 3426 1971 3482 structi
2006 3444 2050 3483 c.
2088 3427 2155 3480 D.
2192 3429 2320 3483 Vat.
2356 3426 2440 3482 ed.
2471 3442 2553 3496 pr.
2570 3467 2583 3491 ,
2637 3427 2723 3480 in-

525 3509 716 3567 structi
750 3511 808 3564 L.
857 3543 926 3552 -
1001 3513 1078 3568 10.
1125 3514 1328 3568 similes
1381 3531 1423 3571 e.
1457 3515 1525 3568 D.
1561 3514 1623 3568 L.
1661 3515 1788 3570 Vat.
1825 3512 1965 3568 Vict.
2004 3512 2086 3567 ed.
2121 3529 2231 3582 με,
2288 3512 2534 3568 similiter
2566 3529 2615 3568 v.
2652 3543 2720 3552 —

525 3603 582 3650 et
626 3597 832 3664 priores
881 3613 927 3651 c.
967 3597 1023 3656 C.
1061 3599 1127 3654 D.
1163 3600 1222 3654 L.
1260 3600 1383 3657 Vat.
1420 3599 1557 3655 Vict.
1575 3641 1589 3666 ‚
1647 3599 1961 3670 prioresque
2012 3600 2095 3656 ed.
2132 3616 2210 3670 pr.
2228 3640 2243 3665 ,
2301 3599 2511 3669 priores
2554 3617 2603 3654 v.
2654 3628 2719 3638 —

528 3684 609 3737 11.
644 3699 766 3742 cum
801 3699 844 3736 c.
864 3684 990 3743 Vat.
1025 3686 1108 3742 ed.
1143 3703 1226 3754 pr.
1262 3705 1341 3754 v.‚
1389 3691 1572 3743 autem
1605 3686 1675 3744 D.
1709 3715 1777 3724 -—
1847 3687 1926 3740 12.
1963 3687 2300 3754 ponebantur
2336 3690 2639 3754 (ἐτέθησαν)
2673 3702 2719 3740 c.

487 3831 491 3835 ,
525 3769 653 3826 vat.
697 3768 781 3823 ed.
831 3785 912 3838 pr.
947 3789 994 3826 v.
1010 3813 1025 3838 ,
1076 3771 1361 3827 veniebant
1406 3778 1462 3827 et
1506 3773 1845 3841 poneba-ntur
1876 3772 1941 3828 D.
1996 3803 2065 3813 —
2116 3773 2255 3828 tales
2289 3790 2339 3831 c.
2373 3772 2439 3826 D.
2472 3772 2597 3828 Vat.
2632 3772 2717 3827 ed.

523 3869 636 3922 pr„
689 3855 829 3910 tales
867 3861 922 3910 et
954 3875 1002 3912 v.
1049 3889 1116 3898 --
1189 3861 1270 3914 13.
1305 3874 1412 3914 non
1445 3876 1491 3914 c.
1529 3857 1596 3910 D.
1634 3855 1719 3911 ed.
1754 3874 1833 3927 pr.
1868 3877 1945 3926 v.,
1978 3875 2080 3914 nec
2112 3859 2237 3915 Vat.
2276 3886 2341 3898 -
2416 3863 2497 3914 14.
2532 3856 2718 3912 aedifi-

525 3938 736 4020 catione
772 3957 816 3996 c.
852 3942 920 3995 D.
959 3943 1041 4000 ed.
1077 3960 1162 4012 pr.
1196 3961 1276 4009 v.,
1335 3943 1729 3999 edificationem
1761 3945 1820 3999 L.
1896 3947 2017 4001 Vat.
2052 3977 2120 3988 —-
2158 3961 2257 4002 suo
2292 3945 2410 4001 loco
2445 3959 2489 3998 c.
2524 3945 2593 3998 D.
2630 3944 2717 3999 ed.

452 4085 454 4088 ,
523 4043 604 4095 pr.
643 4044 722 4092 v..
776 4027 895 4083 loco
945 4043 1044 4084 suo
1078 4030 1202 4086 Vat.
1241 4059 1306 4071 —
1381 4033 1460 4084 16.
1508 4031 1701 4085 referri
1734 4049 1779 4088 c.
1816 4031 1884 4084 D.
1921 4030 2185 4101 (refferri)
2218 4031 2351 4086 Mss.
2386 4031 2570 4100 AngL,
2624 4031 2718 4085 de—

523 4111 656 4166 ferri
696 4113 816 4167 Vat.
833 4153 846 4177 ,
899 4116 1087 4184 reponi
1135 4115 1218 4170 ed.
1256 4131 1338 4185 pr.
1367 4134 1418 4173 v.
1455 4145 1522 4156 --
1580 4117 1851 4184 apportati
1884 4135 1928 4173 e.
1963 4117 2031 4171 D.
2067 4118 2189 4173 Vat.
2206 4157 2221 4182 ‚
2281 4116 2547 4187 deportati
2580 4116 2717 4171 Mea.

522 4198 710 4266 Angl„
763 4198 928 4255 delati
976 4200 1062 4258 ed.
1111 4216 1196 4268 pr.
1243 4220 1293 4257 v.
1346 4231 1410 4242 —
1465 4191 1644 4257 erant*
1667 4218 1711 4257 c.
1748 4203 1814 4258 D.
1849 4202 1969 4258 Vat.
1984 4244 2000 4269 ,
2050 4202 2269 4258 fuerant
2311 4203 2399 4260 ed.
2446 4218 2529 4272 pr.
2562 4220 2611 4256 v.
2648 4231 2717 4243 -

526 4286 615 4340 16.
649 4285 734 4346 17.
767 4285 868 4344 hos
901 4283 1120 4356 lapides
1153 4303 1199 4344 c.
1233 4287 1302 4343 D.
1335 4288 1458 4347 Vat.
1475 4328 1491 4356 ‚
1528 4287 1740 4360 lapides
1772 4289 1901 4347 illos
1937 4287 2022 4347 ed.
2054 4304 2138 4360 pr.
2172 4307 2224 4348 v.
2258 4321 2327 4334 —-
2366 4291 2447 4346 1⁷.
2482 4288 2639 4346 nobis
2667 4305 2721 4346 c.
