3003 5080
491 367 564 428 vl
1439 361 1738 416 Praefatio.

492 541 606 601 isse
650 538 784 600 satis
828 539 956 599 erit.
965 542 998 572 ‘⁶
1090 537 1356 598 nondum
1403 537 1680 616 cognovit
1726 538 1813 597 vir
1861 537 2254 611 doctissimuS,
2299 539 2444 598 haec
2481 538 2675 616 ipsum

494 627 780 687 editorem
825 624 1154 704 principem
1199 624 1485 703 pleraque
1532 630 1752 684 temere
1796 632 2072 685 mutasse.

702 711 962 772 Pastoris
1009 709 1337 771 versionem
1385 710 1629 770 latinam
1675 719 1947 771 accurate
1995 709 2264 770 nondum
2301 709 2516 769 editam
2551 727 2679 794 esse

494 798 743 858 asseruit
799 797 1152 876 Rudolphus
1206 798 1404 876 Anger
1469 796 1532 856 in
1597 795 1784 858 liblo:
1844 797 2098 857 Hermae
2155 794 2385 856 Pastor.
2472 814 2679 874 graece

495 883 754 963 primum
803 883 1129 944 ediderunt·
1163 891 1221 943 et
1266 882 1821 962 interpretationem
1867 892 2125 944 veterem
2172 881 2417 943 latinam
2464 900 2533 941 ex
2578 901 2677 941 co-

497 969 722 1030 dicibus
777 970 1150 1030 emendatam
1195 969 1552 1030 addiderunt
1594 969 1947 1049 Rudolphus
1992 973 2189 1047 Anger
2230 977 2289 1028 et
2333 967 2680 1028 Guilielmus

497 1055 765 1115 Dindorf.
854 1057 1000 1116 Pars
1059 1055 1258 1135 prior,
1318 1074 1469 1133 quae
1530 1074 1809 1133 graecum
1871 1065 2095 1116 textum
2152 1053 2432 1115 continet.
2520 1054 2677 1133 Lips.

500 1139 682 1202 1856.
773 1160 908 1201 nam
955 1142 1152 1220 Anger
1194 1143 1497 1221 praefatus
1545 1149 1665 1201 est:
1710 1141 1972 1202 Pastoris
2017 1140 2541 1203 nonnisi‘latinam
2588 1140 2677 1200 in-

495 1225 983 1306 terpretationem
1048 1229 1117 1288 ad
1165 1248 1276 1289 nos
1321 1227 1697 1308 pervenisse,
1752 1247 2004 1305 eamque
2049 1227 2145 1288 hic
2188 1227 2309 1287 illic
2351 1227 2498 1287 adeo
2546 1245 2678 1287 cor-

497 1324 751 1393 ruptam,
800 1322 867 1374 ut
911 1315 1004 1374 vix
1045 1334 1250 1375 sanam
1296 1315 1639 1393 exsculpere
1684 1315 2039 1375 sententiam
2070 1313 2280 1392 possis.
2328 1331 2541 1373 novam
2571 1312 2679 1390 igi-

493 1408 593 1461 tur
633 1398 893 1460 Pastoris
954 1401 1271 1461 editionem
1317 1400 1687 1480 praeparavit
1732 1400 1817 1460 vir
1864 1400 2243 1461 doctissimus
2295 1408 2422 1460 tum
2464 1400 2534 1459 ad
2580 1418 2680 1458 co-

494 1486 651 1547 dices
710 1486 871 1564 ipsos
929 1497 1056 1548 tum
1104 1488 1174 1548 ad
1221 1506 1429 1567 graeca
1475 1487 1872 1548 emendatam.
1952 1504 2180 1564 „quum
2225 1485 2482 1564 suspicio
2530 1491 2682 1545 esset

494 1572 683 1649 (brevi
727 1580 861 1651 post
904 1573 1044 1634 satis
1089 1574 1492 1648 confirmata),
1549 1573 1835 1634 lectiones
1880 1573 2095 1633 latinas
2138 1573 2449 1649 hucusque
2496 1571 2679 1632 editas

496 1677 617 1718 non
664 1658 877 1719 idonea
923 1679 1050 1721 esse
1096 1679 1233 1720 cum
1281 1659 1583 1738 diligentia
1630 1658 2015 1738 conquisitaS,
2062 1678 2131 1720 ex
2177 1679 2243 1719 re
2281 1678 2410 1719 esse
2440 1656 2677 1717 videba-

496 1752 624 1817 tur,
691 1752 758 1805 ut
818 1745 877 1805 in
924 1746 1134 1825 Anglia
1193 1755 1250 1806 et
1305 1747 1364 1805 in
1415 1745 1597 1806 Gallia
1659 1745 1825 1806 latini
1867 1745 2130 1814 Pastoris
2190 1741 2424 1827 codices
2480 1743 2678 1804 denuo

495 1831 919 1892 conferrentur
935 1850 951 1906 ;
1014 1833 1172 1910 quod
1221 1840 1287 1892 ut
1331 1832 1519 1905 fieret,
1566 1850 1775 1892 curare
1822 1830 2160 1893 Dindorfius
2205 1831 2267 1892 in
2314 1850 2377 1892 se
2422 1829 2678 1909 recepit;

494 1915 713 1977 codicis
756 1916 1106 1979 Dresdensis
1150 1918 1457 1978 lectiones
1483 1919 1777 1979 variantes
1822 1920 1984 1997 ipse,
2027 1925 2092 1979 ut
2137 1917 2253 1977 iam
2300 1917 2524 1978 dictum
2572 1923 2679 1989 est,

489 2003 818 2081 excerpsi.“

706 2089 820 2149 iam
895 2089 1166 2167 proximo
1238 2108 1395 2149 anno
1458 2089 1738 2150 Albertus
1797 2089 1949 2151 Rud.
2008 2090 2157 2150 Max.
2220 2088 2455 2148 Dressel
2524 2088 2681 2148 inter

497 2175 779 2250 „Petrum
827 2174 1289 2252 apostolicorum
1339 2179 1585 2254 opera“,
1623 2176 1780 2254 Lips.
1837 2174 2031 2250 1857,
2076 2175 2383 2236 Pastorem
2428 2173 2680 2234 latinum

495 2261 675 2321 edidit
731 2260 901 2320 valde
959 2270 1132 2321 aucto
1186 2271 1472 2340 apparatu
1534 2261 1755 2323 critice.
1831 2262 1917 2322 vir
1976 2261 2352 2322 doctissimus
2407 2266 2682 2322 accurate

495 2347 746 2408 contulit
788 2346 1050 2408 codicem
1083 2347 1549 2408 Vaticanum
1594 2345 1764 2410 3848
1809 2348 1867 2408 in
1898 2347 1975 2409 4⁰
2007 2349 2163 2422 mai„
2208 2347 2682 2420 membraneum,

495 2433 595 2510 qui
653 2432 755 2493 fol.
820 2431 1056 2493 1-40
1102 2433 1357 2494 Hermae
1399 2433 1704 2495 Pastorem
1749 2434 2016 2496 exhibet..
2094 2441 2367 2495 exaratus
2414 2442 2503 2493 est
2547 2452 2682 2493 exe-

495 2528 638 2581 unte
685 2539 800 2581 sec.
833 2519 1014 2580 XIV.:
1065 2520 1302 2597 „Codex
1333 2521 1458 2582 Vat.
1506 2540 1575 2582 ex
1620 2521 1827 2583 eodem
1878 2522 2045 2583 fonte
2088 2519 2381 2602 pervenit,
2430 2537 2547 2597 quo
2574 2518 2680 2592 illi,

495 2606 712 2683 quibus
759 2607 1088 2668 Cotelerius
1146 2616 1204 2667 et
1247 2608 1446 2668 Fellus
1504 2608 1598 2670 usi
1656 2616 1830 2683 sunt3
1894 2608 2143 2687 propius
2201 2616 2403 2667 tamen
2459 2606 2683 2667 accedit

496 2693 565 2751 ad
610 2692 717 2752 Ms.
754 2692 1246 2754 Lambethanum.
1332 2693 1490 2754 haud
1536 2714 1671 2756 raro
1715 2694 2089 2773 negligenter
2134 2694 2389 2772 scriptus
2435 2700 2542 2766 est,
2585 2692 2679 2752 hic

494 2788 551 2839 et
608 2779 730 2839 illic
789 2798 965 2839 manu
1008 2779 1181 2840 docta
1226 2789 1571 2853 correctuS,
1630 2780 1819 2841 bonas
1864 2780 2150 2841 lectiones
2193 2779 2475 2840 exhibens
2520 2779 2675 2839 haud

493 2865 695 2943 paucis
739 2865 936 2943 pravis
981 2866 1392 2926 commixtaS.“
1473 2866 1649 2927 etiam
1694 2867 1940 2926 alteram
1989 2866 2230 2926 latinam
2279 2865 2544 2926 Pastoris
2588 2864 2679 2924 111-

492 2950 978 3029 terpretationem
1041 2952 1164 3011 fere
1224 2952 1520 3031 integram
1580 2952 1809 3031 primus
1852 2952 2085 3013 Dressel
2145 2951 2327 3012 edidit
2387 2971 2419 3012 e
2476 2951 2679 3012 codice

493 3035 852 3097 Palatino
919 3035 1038 3099 150
1095 3056 1248 3098 saec.
1296 3037 1457 3112 XIV,
1525 3057 1598 3113 „a
1657 3040 1893 3116 vulgata
1950 3037 2049 3099 illa
2094 3038 2314 3100 centies
2359 3038 2418 3098 in
2467 3037 2678 3097 melius

493 3122 888 3183 declinantem
948 3122 1358 3202 ambiguisque
1415 3124 1475 3184 in
1540 3124 1771 3185 casibus
1833 3125 1958 3185 fere
2002 3143 2240 3203 semper
2272 3124 2678 3203 ‘praestantio-

492 3213 681 3268 rem“.
709 3208 755 3285 1)
858 3209 1100 3269 nimiam
1168 3210 1346 3270 huius
1403 3210 1691 3271 versionis
1748 3211 1985 3271 laudem
2043 3210 2194 3271 bene
2252 3209 2553 3271 imminuit
2606 3209 2676 3270 R.

631 3396 683 3461 1)
718 3395 979 3447 nonnulla
1021 3394 1078 3447 in
1113 3395 1218 3448 hac
1252 3394 1492 3449 editione
1530 3395 1867 3449 emendanda
1900 3399 2042 3449 sunt.
2112 3396 2227 3451 Vis,
2262 3396 2305 3461 Ι,
2343 3398 2374 3448 3
2410 3412 2463 3463 p.
2485 3396 2603 3461 413,
2646 3396 2676 3447 7

491 3496 660 3544 suam,
697 3480 732 3531 l.
768 3484 936 3534 tuam.
972 3497 1025 3549 p.
1050 3484 1164 3547 413,
1207 3483 1268 3534 10
1308 3481 1669 3547 conservavit,
1716 3482 1752 3534 1.
1801 3482 2160 3536 conservabit.
2196 3483 2275 3546 Π,
2313 3483 2345 3535 2
2380 3497 2433 3549 p.
2457 3481 2575 3545 417,
2616 3480 2677 3531 15

487 3564 691 3630 nolitia,
734 3566 770 3618 l.
817 3566 1003 3619 nolite.
1053 3584 1096 3621 c.
1136 3570 1167 3620 3
1204 3570 1401 3636 p.4¹9,
1448 3570 1476 3619 5
1522 3567 1773 3636 maxima,
1819 3569 1855 3621 1.
1892 3568 2148 3622 Maximo.
2194 3569 2289 3633 ΠΙ,
2332 3569 2350 3619 1
2395 3583 2449 3635 p.
2486 3568 2606 3631 421,
2646 3568 2676 3618 6

488 3650 682 3716 mavia,
727 3652 763 3703 1.
791 3668 980 3705 manes
1023 3653 1340 3723 (χρονίζεις).
1381 3670 1424 3706 c.
1465 3658 1494 3705 5
1532 3670 1585 3721 p.
1611 3656 1726 3719 427,
1767 3657 1824 3705 21
1873 3669 2000 3719 11011,
2036 3655 2071 3707 l.
2109 3652 2235 3708 novi
2270 3655 2445 3721 (νέοι).
2482 3670 2536 3721 p.
2559 3654 2677 3718 427,

488 3739 554 3787 22
590 3738 625 3789 1.
664 3737 916 3803 quoniam
956 3738 1111 3808 [non]
1149 3739 1370 3793 inventa
1405 3742 1493 3793 est
1526 3739 1583 3791 in
1619 3740 1699 3793 eis
1733 3739 1961 3793 malitia.
2032 3739 2217 3794 Mand.
2236 3739 2302 3804 V,
2334 3741 2355 3791 1
2397 3754 2449 3805 p.
2470 3741 2588 3803 453,
2611 3740 2677 3790 22

487 3823 789 3891 „amplecte
831 3823 1060 3878 incude“
1096 3825 1320 3878 Dressel
1361 3840 1650 3893 perperam
1696 3824 1892 3879 edidit:
1949 3826 2253 3894 „amplecte
2298 3824 2357 3877 in
2404 3827 2577 3889 cute“‚
2613 3824 2675 3875 l.:

486 3909 663 3975 ample
701 3912 758 3962 et
790 3909 1022 3963 iucunde
1063 3911 1144 3976 (sy
1182 3912 1493 3981 εὐρυχώρῳ).
1540 3911 1618 3964 XI
1652 3927 1703 3979 p.
1736 3913 1851 3976 475,
1894 3910 1955 3965 16
1993 3915 2051 3965 et
2085 3911 2222 3964 nihil
2258 3911 2474 3965 omnino
2510 3910 2677 3964 inter-

484 3998 644 4060 rogat
678 3993 759 4047 ait
800 3994 1036 4060 (Dressm
1083 3996 1274 4064 etiam)
1312 4000 1525 4051 secreta
1560 3996 1822 4063 loquitur,
1858 3997 1894 4049 l.
1932 4000 1991 4051 et
2024 3997 2161 4051 nihil
2196 3996 2413 4051 omnino
2447 3996 2677 4049 interro-

484 4083 646 4145 gatus
682 4083 778 4133 aut
813 4084 1022 4135 secrete
1057 4082 1297 4148 loquitur
1330 4082 1445 4148 (καὶ
1482 4084 1634 4133 οὐδὲν
1675 4085 1848 4135 οὐδενὶ
1886 4086 2219 4150 ἀποκρίνειαι
2265 4084 2676 4151 ἐπερωτώμενοε,

489 4168 610 4219 οὐδὲ
646 4169 940 4234 καταμόνας
976 4170 1157 4235 λαλεῖ).
1194 4183 1248 4235 p.
1289 4168 1408 4232 477,
1451 4170 1511 4220 13
1554 4166 1620 4220 de
1656 4166 1814 4234 gulis,
1849 4168 1885 4220 l.
1916 4166 1983 4223 de
2018 4168 2218 4236 tegulis
2252 4170 2386 4237 (ἆηὸ
2411 4169 2679 4239 κεράμου).
2832 4159 2855 4262 Ι

2830 4267 2842 4310 1

2822 4346 2834 4383 s

2812 4394 2834 4466 ί1
