3003 5080
1159 479 1272 533 Vis.
1311 477 1404 544 111,
1441 485 1489 534 4.
1529 483 1576 534 5.
2362 481 2443 548 19

245 650 400 712 drati
441 659 502 712 et
544 650 694 730 albi,
767 649 1187 713 convenientes
1229 651 1292 713 in
1342 651 1749 713 commissuris
1791 651 1963 731 suiS,
2008 651 2070 712 hi
2114 663 2256 716 sunt
2298 671 2442 736 apo-

242 753 381 814 stoii
441 762 500 814 et
557 753 818 833 episcopi
873 763 930 814 et
989 755 1262 816 doctores
1307 763 1366 815 et
1409 753 1698 828 ministri,
1768 753 1867 834 qui
1903 755 2153 834 ingressi
2192 765 2339 818 sunt
2377 757 2438 818 in

243 856 564 917 clementia
625 856 718 919 dei
773 864 832 916 et
882 857 1286 936 episcopatum
1331 865 1644 936 gesserunt
1684 864 1744 918 et
1785 857 2139 918 docuerunt·
2164 865 2223 920 et
2265 859 2441 920 mini-‘-

245 967 595 1020 straverunt
637 955 838 1020 sancte
883 970 942 1020 et
985 961 1248 1022 modeste
1291 960 1491 1021 electis
1538 959 1663 1030 dei,
1718 958 1819 1037 qui
1862 959 2262 1036 dormierunt,
2308 963 2438 1041 qui·

241 1079 371 1141 ·que
420 1049 623 1122 ¹adhuc
681 1071 840 1122 sunt.
901 1072 960 1124 et
1017 1081 1252 1142 semper
1311 1079 1448 1124 cum
1506 1061 1619 1121 illis
1676 1072 2085 1124 convenerunt
2140 1071 2200 1124 et
2252 1064 2313 1126 in
2373 1080 2435 1126 se
2494 1059 2536 1128 5

241 1182 450 1242 pacem
507 1163 849 1226 habuerunt
907 1173 967 1226 et
1019 1166 1372 1227 alterutrum
1432 1163 1766 1226 audierunt.
1824 1174 2070 1243 propter
2112 1165 2225 1225 hoc
2270 1174 2330 1227 et
2369 1166 2432 1227 in

240 1273 607 1326 structuram
649 1267 832 1328 turris
875 1268 1243 1329 conveniunt
1284 1266 1707 1328 commissurae
1751 1283 1979 1327 eorum.
2025 1267 2125 1346 qui
2170 1287 2309 1328 vero
2356 1269 2430 1330 de

239 1369 542 1448 profundo
584 1370 923 1432 'trahuntur
981 1378 1040 1431 et
1093 1370 1489 1450 imponuntur
1530 1369 1592 1430 in
1638 1376 2036 1443 structuram,
2113 1380 2172 1432 et
2213 1389 2430 1432 conve·

240 1470 419 1532 niunt
461 1472 884 1534 commissurae
931 1491 1138 1534 eorum
1183 1491 1320 1534 cum
1363 1470 1573 1532 ceteris
1616 1470 1929 1550 lapidibuS‚
1972 1472 2072 1550 qui
2112 1471 2225 1532 iam
2274 1474 2431 1534 aedi-

237 1572 395 1633 ficati
457 1583 632 1654 sunt,
705 1575 766 1634 hi
819 1583 961 1636 sunt
1017 1574 1118 1652 qui
1174 1574 1291 1636 iam
1352 1573 1726 1636 dormierunt
1765 1584 1826 1636 et
1871 1574 2027 1654 passi
2070 1583 2213 1636 sunt
2252 1579 2530 1643 causalo

235 1675 502 1736 nominis
558 1675 845 1738 domini“.
949 1677 1180 1752 „Ceteri
1232 1687 1428 1738 autem
1486 1677 1740 1756 lapideS‚
1815 1677 1915 1756 qui
1958 1677 2428 1755 apportabantur

237 1796 272 1838 a
315 1788 505 1859 terra,
551 1778 686 1840 volo
733 1779 884 1839 scire
929 1779 1030 1858 qui
1073 1787 1250 1860 sunt,
1295 1780 1599 1840 domina⁶‘.
1642 1779 1755 1840 ait:
1802 1779 1959 1856 „Eos
2009 1779 2280 1860 quidem,
2325 1780 2427 1859 qui

234 1880 298 1940 in
345 1881 560 1941 turrim
605 1881 830 1943 vadunt
869 1891 928 1942 et
969 1899 1092 1942 non
1139 1891 1282 1943 sunt
1323 1881 1523 1962 politi,
1571 1881 1682 1941 hos
1728 1882 1871 1942 deus
1914 1881 2219 1960 probavit,
2287 1883 2425 1961 quia

232 1982 487 2060 ingressi
529 1991 672 2044 sunt
713 1984 775 2044 in
821 1985 1176 2063 aequitatem
1221 1984 1446 2044 domini
1489 1993 1549 2044 et
1590 1983 1933 2044 direxerunt
1974 2002 2036 2043 se
2079 1983 2139 2042 in
2180 1985 2425 2054 manda-

232 2084 312 2145 tis
334 2085 478 2146 eius,
511 2085 612 2162 qui
635 2095 833 2146 autem
864 2085 1194 2146 afferuntur
1223 2094 1281 2146 et
1309 2095 1620 2164 ponuntur
1648 2085 1710 2146 in
1742 2094 2101 2146 structuram
2132 2087 2333 2166 turriS‚
2365 2087 2425 2148 hi
2448 2091 2527 2158 15

229 2195 379 2248 sunt
419 2188 641 2248 novelli
683 2188 744 2249 in
789 2189 903 2249 fide
948 2199 1006 2250 et
1047 2188 1286 2262 fideleS‚
1341 2197 1803 2250 commonentur
1843 2197 2038 2249 autem
2086 2187 2157 2249 ab
2202 2189 2423 2269 angelis

229 2289 310 2350 ad
366 2288 887 2371 benefaciendum,
956 2298 1202 2370 propter
1257 2291 1414 2369 quod
1473 2309 1597 2350 non
1642 2301 1733 2352 est
1776 2291 2015 2351 inventa
2060 2291 2318 2370 nequitia
2360 2291 2424 2352 in

230 2460 366 2524 (τῶν
414 2457 728 2528 ὖπαγόντων
775 2465 848 2517 εἰς
897 2458 990 2525 τὴν
1039 2458 1347 2527 οἰκοδομὴν)
1395 2457 1605 2513 emend.
1655 2459 1752 2521 (cf.
1801 2475 1846 2513 c.
1888 2459 1921 2512 6
1954 2472 2006 2525 1).
2042 2459 2137 2524 20,
2183 2458 2277 2524 16,
2330 2458 2425 2527 qui

229 2548 364 2602 sunt
395 2543 452 2598 in
487 2548 758 2599 structura
793 2542 946 2601 codd.
984 2548 1038 2597 et
1073 2542 1194 2598 edd.
1229 2574 1296 2583 —-
1365 2547 1417 2601 1.
1471 2545 1529 2597 in
1551 2544 1929 2600 'commissuris
1964 2543 2079 2597 suis
2114 2561 2158 2598 c.
2195 2545 2259 2601 D.
2298 2546 2423 2603 Vat.

229 2628 316 2683 ed.
352 2644 432 2697 pr.
467 2646 546 2693 v.‚
609 2630 668 2683 in
711 2629 1064 2685 commissura
1097 2628 1156 2681 B.
1198 2656 1263 2669 -—
1315 2628 1373 2682 hi
1410 2646 1454 2687 c.
1488 2629 1549 2683 B.
1586 2630 1654 2683 D.
1698 2633 1843 2693 vat..
1898 2630 1939 2684 ii
1990 2630 2075 2686 ed.
2128 2647 2209 2699 pr.
2254 2649 2304 2688 v.
2354 2652 2441 2677 -κ

229 2716 280 2770 2.
319 2714 414 2782 qui
461 2714 694 2783 ingressi
747 2722 875 2770 sunt
920 2718 992 2781 (οἱ
1037 2716 1406 2785 πορευθέντες)
1455 2732 1500 2771 c.
1550 2716 1635 2773 ed.
1670 2732 1751 2785 pr.
1786 2732 1862 2781 v.,
1920 2716 2013 2784 qui
2045 2716 2424 2786 ingrediuntur

227 2798 296 2856 D.
337 2801 463 2855 Vat.
496 2828 566 2841 -
634 2806 684 2857 4.
719 2799 909 2856 electis
941 2803 1072 2871 (τοῖς
1113 2801 1392 2869 ἐκλεκτοῖς)
1432 2817 1478 2857 c.
1512 2800 1581 2859 D.
1619 2800 1702 2855 ed.
1744 2817 1824 2870 pr.
1860 2819 1925 2864 v..
1962 2802 2163 2857 sanctis
2201 2804 2323 2857 Vat-
2357 2833 2419 2843 -

229 2892 279 2945 ,5.
329 2900 454 2939 cum
500 2886 626 2941 illis.
663 2886 777 2941 Sin.
813 2910 1010 2950 αυτοις,
1056 2885 1205 2953 Lips.
1241 2890 1454 2946 ἑαυτοῖς.
1513 2916 1579 2928 ——
1646 2891 1699 2947 ,6.
1736 2889 2054 2943 alterutrum
2091 2902 2135 2943 c.
2169 2888 2238 2943 D.
2281 2891 2420 2953 vat..

228 2987 290 3027 se
338 2972 568 3033 invicem
613 2972 698 3029 ed.
743 2986 826 3040 pr.
870 2987 918 3027 v.
963 3002 1033 3012 —
1104 2972 1152 3027 7.
1204 2972 1589 3027 commissurae
1633 2980 1711 3041 (οἱ
1755 2976 2002 3043 ἀρμογαὶ)
2038 2988 2083 3028 c.
2118 2974 2204 3028 ed.
2239 2989 2319 3042 pr.
2355 2991 2421 3040 v..

227 3064 500 3112 structure
546 3057 611 3110 D.
654 3059 698 3111 V
701 3062 774 3111 at.
816 3085 884 3097 —
953 3059 1001 3109 8.
1049 3064 1375 3112 structuram
1421 3075 1465 3112 c.
1516 3059 1575 3113 B.
1610 3059 1676 3117 D.
1716 3061 1836 3113 Vat.
1874 3057 1987 3113 Cot.
2021 3058 2205 3112 Dress
2223 3098 2237 3121 ‚
2274 3066 2417 3113 stru-

225 3148 384 3199 ctura
417 3143 502 3198 ed.
541 3159 621 3211 pr.
658 3142 793 3198 Gall.
831 3170 896 3182 —
969 3144 1049 3197 10.
1084 3143 1142 3196 hi
1177 3157 1222 3197 c.
1262 3145 1412 3210 vat,
1445 3144 1484 3197 ii
1524 3145 1608 3202 ed.
1642 3160 1721 3213 pr.
1757 3162 1839 3209 νη
1886 3160 1992 3200 om.
2025 3142 2090 3197 D.
2129 3171 2192 3184 -
2228 3144 2336 3198 iam
2357 3161 2417 3201 c.

231 3229 357 3285 vat.
395 3228 477 3281 ed.
511 3245 590 3297 pr.
624 3246 703 3292 ι,
751 3245 859 3285 om.
893 3228 958 3283 D.
1000 3258 1064 3269 -—
1143 3230 1216 3284 ¹1.
1255 3232 1681 3298 apportabantur
1712 3230 2073 3299 (φερομένους)
2110 3245 2155 3283 c.
2197 3231 2313 3285 Vat.
2349 3248 2418 3295 v„

225 3318 580 3381 apportantur
611 3313 709 3381 D.‚
765 3316 1118 3383 portabantur
1161 3315 1244 3368 ed.
1279 3331 1356 3383 pr.
1393 3344 1460 3355 ——
1542 3318 1615 3369 12.
1652 3317 1772 3374 volo
1810 3315 1947 3369 scire
1983 3332 2029 3371 c.
2065 3315 2130 3369 D.
2173 3316 2290 3369 Vat.
2328 3315 2413 3369 ed.

224 3414 309 3466 pr.
343 3416 425 3462 v„
490 3399 665 3466 scire,
721 3400 942 3468 inquam
979 3400 1040 3452 B.
1077 3430 1146 3441 -—
1193 3401 1283 3469 qui
1318 3406 1448 3455 ,sunt
1483 3416 1531 3458 c,
1551 3401 1615 3453 D.
1640 3402 1759 3455 vat.
1802 3399 1889 3453 ed.
1926 3417 2007 3468 pr.
2046 3400 2259 3465 Dre88.‚
2321 3401 2415 3469 qui

225 3483 338 3538 sint
389 3482 502 3539 Cot.
563 3512 628 3525 -
691 3487 794 3539 .13.
840 3486 898 3539 in
940 3484 1132 3539 turrim
1185 3489 1278 3555 (εἰς
1326 3488 1424 3553 τὴν
1470 3488 1772 3555 οἰκοδομὴν)
1820 3486 2061 3546 emend..
2112 3486 2169 3539 in
2214 3493 2415 3540 terram

230 3571 350 3623 Vat.
386 3568 474 3626 ed.
509 3586 590 3638 pr.
625 3588 700 3633 v.‚
736 3570 794 3623 in
832 3576 978 3625 terra
1013 3573 1073 3625 D.
1113 3603 1180 3613 --
1215 3573 1314 3627 hos
1349 3589 1398 3631 c.
1431 3573 1499 3629 D.
1544 3576 1679 3636 Vat„
1719 3571 1843 3626 illos
1879 3571 1962 3628 ed.
1996 3588 2073 3639 pr.
2106 3587 2153 3625 v.
2189 3600 2257 3610 —
2290 3586 2415 3639 pro·-

221 3654 374 3709 bavit
407 3654 771 3726 (ἐδοκίμασεν)
806 3671 850 3711 c.
892 3655 974 3711 ed.
1007 3672 1092 3724 pr.
1125 3676 1193 3723 v„
1226 3658 1476 3727 probabit
1507 3658 1573 3713 D.
1598 3659 1718 3718 vat.
1753 3686 1815 3699 --
1862 3658 1988 3725 quia
2024 3658 2155 3724 (ὅτι)
2190 3656 2415 3722 emend„

221 3738 316 3807 qui
359 3738 425 3797 B.
473 3738 540 3792 D.
584 3741 712 3796 vat.
727 3779 740 3804 ,
803 3740 1054 3809 quoniam
1101 3742 1182 3797 ed.
1229 3760 1310 3813 pr.
1347 3762 1396 3800 v.
1447 3772 1518 3783 -
1590 3746 1670 3797 14.
1718 3744 2044 3811 aequitatem
2078 3757 2121 3795 c.
2165 3742 2285 3801 Vat.
2323 3741 2418 3799 ed.

220 3840 300 3895 pr.
336 3839 444 3889 νη·
471 3825 708 3894 equitate
737 3825 802 3879 D.
843 3854 904 3867 --
959 3827 1270 3886 direxerunt
1300 3844 1358 3883 se
1398 3828 1525 3893 (Sin.
1560 3829 1996 3899 κατωρθώοαντο)
2032 3842 2078 3878 c.
2117 3826 2217 3891 D.‚
2273 3826 2416 3881 dire-

219 3917 421 3964 xerunt
454 3911 577 3965 Vat.
593 3951 607 3976 ,
664 3910 976 3971 direxerunt
1007 3914 1123 3969 vias
1159 3915 1244 3969 ed.
1277 3931 1357 3983 pr.
1394 3934 1443 3971 v.
1495 3942 1564 3954 ——
1636 3916 1716 3967 15.
1752 3913 2053 3969 afferuntur
2086 3926 2130 3965 c.
2171 3913 2295 3967 Vat.
2331 3910 2418 3969 ed.

221 4008 302 4061 pr.
337 4011 414 4058 v„
476 3995 773 4061 efferuntur
818 3996 886 4053 D.
933 4027 1000 4036 ——
1049 4007 1371 4056 structuram
1421 4018 1465 4056 c.
1491 4000 1563 4059 B.
1596 3998 1662 4052 D.
1678 4039 1691 4062 ‚
1756 4004 2024 4053 structura
2058 4000 2181 4053 vat.
2218 3996 2303 4051 ed.
2336 4011 2417 4065 pr.

220 4094 275 4135 v.
307 4110 377 4120 —
426 4080 485 4133 hi
535 4096 580 4135 c.
623 4084 772 4147 vat,
829 4084 921 4152 qui
957 4085 1022 4139 D.
1040 4124 1056 4151 ‚
1102 4085 1142 4139 ii
1178 4085 1261 4139 ed.
1295 4102 1377 4158 pr.
1411 4102 1459 4141 v.
1496 4116 1563 4129 --
1638 4086 1721 4137 16.
1758 4088 2161 4139 commonentur
2195 4082 2417 4147 (νουθε-

222 4170 468 4231 rouvre.)
505 4182 548 4221 c.
586 4167 668 4222 ed.
705 4184 787 4235 pr.
821 4187 900 4235 v.‚
936 4176 1335 4226 commoventur
1375 4172 1496 4227 vat.
1533 4172 1622 4240 (ut
1652 4168 1919 4237 videtur),
1970 4176 2319 4223 comouentur
2350 4166 2415 4219 D.

224 4277 291 4290 --
335 4253 412 4305 17.
446 4258 666 4321 propter
701 4270 748 4311 c.
788 4253 854 4308 D.
899 4256 1014 4309 Vat.
1052 4254 1136 4310 ed.
1171 4272 1274 4325 pr.,
1334 4260 1624 4324 propterea
1656 4270 1703 4307 v.
1739 4284 1803 4294 --
1858 4253 2101 4321 nequitia
2134 4253 2193 4307 in
2224 4252 2335 4307 illis
2368 4264 2416 4304 c.
