3003 5080
1136 437 1317 496 Mand.
1351 439 1442 498 XI.
2292 443 2376 510 61

196 627 312 690 que
356 628 492 672 cum
537 611 663 673 vult
703 611 932 674 homini
975 612 1239 694 loquitur
1278 614 1518 696 spiritus
1565 615 1690 692 dei,
1754 616 1859 678 sed
1903 625 2048 678 tunc
2093 618 2379 698 loquitur,

197 731 332 778 cum
393 715 522 777 vult
572 713 758 779 deus!
800 735 936 779 cum
996 737 1138 798 ergo
1196 720 1422 782 venerit
1461 720 1677 801 h0m0‚
1746 721 1847 800 qui
1891 721 2070 783 habet
2107 721 2379 802 spiritum

196 816 322 892 dei,
367 819 431 880 in
475 821 781 882 ecclesiam
825 821 1116 883 iustorum
1136 868 1153 902 ‚
1199 823 1542 886 habentium
1588 825 1763 886 fidem
1810 824 2053 897 domini,
2100 835 2154 887 et
2194 825 2380 886 oratio

199 920 264 983 fit
306 921 380 984 ad
427 923 772 1000 dominum,
816 933 961 986 tunc
1004 925 1260 987 nuncius
1303 936 1545 989 sanctus
1590 927 1903 990 divinitatis
1943 927 2148 1008 implet
2188 928 2383 990 homi-

199 1044 334 1088 nem
380 1025 546 1090 illum
593 1029 801 1108 spiritu
848 1037 1052 1090 sancto
1075 1076 1091 1105 ‚
1150 1039 1208 1091 et
1249 1028 1513 1110 loquitur
1553 1031 1615 1092 in
1660 1030 1866 1106 turba,
1911 1031 2063 1093 sicut
2106 1031 2385 1096 dominus
2442 1028 2484 1092 5

198 1127 339 1190 vult.
414 1129 500 1191 sic
553 1150 694 1211 ergo
756 1132 1082 1196 dinoscitur
1140 1133 1378 1214 spiritus
1433 1133 1751 1196 divinitatis
1770 1181 1785 1209 ‚
1853 1134 1987 1214 quia
2040 1136 2382 1215 quicunque

198 1233 404 1314 spiritu
452 1233 767 1298 divinitatis
808 1237 1109 1317 loquitur,
1165 1237 1464 1315 loquitur,
1510 1237 1665 1300 sicut
1708 1237 1986 1300 dominus
2031 1240 2171 1302 vult.
2248 1241 2383 1302 audi

205 1357 370 1399 nunc
425 1346 483 1400 et
543 1339 616 1400 de
674 1340 880 1420 spiritu
937 1341 1234 1416 terrestri,
1310 1361 1492 1403 vacuo
1554 1349 1613 1405 et
1667 1343 1863 1422 fatue,
1937 1341 2213 1405 virtutem
2258 1362 2384 1405 non

198 1441 475 1503 habente.
507 1442 764 1523 primum
798 1443 954 1506 enim
984 1445 1164 1506 homo
1197 1445 1298 1525 qui
1323 1453 1567 1526 putatur
1587 1445 1857 1525 spiritum
1888 1444 2127 1521 hahere,
2169 1447 2387 1509 exaltat
2414 1443 2424 1453 “

201 1564 262 1606 se
319 1557 380 1608 et
435 1546 562 1608 vult
615 1546 868 1628 primam
929 1550 1283 1629 cathedram,
1310 1548 1527 1610 habere
1570 1558 1629 1610 et
1670 1548 1978 1630 improbus
2022 1558 2113 1611 est
2154 1559 2211 1612 et
2257 1571 2385 1612 ver·
2407 1550 2487 1616 10

202 1648 384 1712 bosus
443 1659 504 1712 et
559 1651 620 1711 in
683 1651 905 1714 deliciis
964 1660 1348 1714 conversatur
1401 1662 1456 1714 et
1516 1652 1579 1713 in
1633 1652 2032 1733 voluptatibus
2084 1654 2286 1717 multis
2331 1665 2390 1717 et

204 1753 508 1818 mercedes
550 1754 760 1836 accipit
801 1755 1174 1818 divinationis
1215 1775 1376 1818 suae.
1447 1754 1660 1835 quodsi
1702 1775 1826 1817 non
1870 1758 2217 1838 acceperit‚-
2264 1778 2390 1821 non

205 1858 444 1922 divinat.
499 1859 580 1921 ita
637 1878 786 1921 num
840 1859 1080 1940 spiritus
1125 1859 1216 1922 dei
1259 1866 1454 1940 potest
1495 1860 1799 1922 mercedes
1840 1859 2107 1940 accipere
2146 1870 2205 1923 et
2248 1862 2391 1924 divi-

205 1981 346 2026 nare
369 1961 404 2024 ‘2
463 1964 566 2026 sed
609 1981 732 2024 non
778 1963 1054 2024 convenit
1094 1965 1210 2024 hoc
1256 1964 1448 2025 facere
1492 1963 1586 2024 dei
1628 1964 1999 2043 prophetam.
2043 1965 2180 2026 facit
2218 1966 2391 2046 spiri-

207 2073 300 2126 tus
343 2067 663 2128 terrestris
707 2086 845 2128 nam
892 2067 952 2128 in
999 2066 1244 2128 ecclesia
1288 2066 1552 2129 virorum
1600 2063 1939 2148 [iustorum]
1980 2086 2104 2128 non
2148 2070 2392 2145 accedit,
2412 2069 2493 2138 15

207 2168 307 2231 sed
360 2169 618 2249 refugit,
686 2171 939 2253 applicat
993 2180 1193 2233 autem
1251 2190 1316 2232 se
1373 2169 1567 2232 dubiis
1610 2179 1669 2231 et
1713 2169 1909 2232 vacuis
1952 2178 2012 2232 et
2052 2171 2115 2233 in
2158 2172 2392 2252 angulis

209 2281 264 2334 et
304 2272 520 2336 abditis
561 2274 709 2336 locis
753 2275 975 2339 divinat
1017 2275 1131 2337 illis
1177 2283 1234 2337 et
1274 2274 1527 2337 delectat
1566 2273 1699 2336 illos
1725 2272 2028 2352 loquendo
2061 2277 2391 2338 secundum

211 2459 312 2498 om.
345 2443 414 2499 D.
459 2474 528 2484 —
598 2445 647 2497 1.
692 2442 894 2499 homini
938 2443 1176 2514 loquitur
1217 2459 1263 2498 c.
1296 2444 1362 2500 D.
1411 2444 1497 2501 ed.
1530 2459 1609 2512 pr.
1644 2461 1721 2510 v.,
1780 2442 2021 2513 loquitur
2056 2443 2259 2498 homini
2292 2445 2395 2514 loq.

215 2531 330 2585 Vat.
365 2558 439 2570 —
492 2529 716 2598 spiritus
763 2529 851 2586 dei
886 2547 932 2586 e.
970 2532 1094 2587 Vat.
1131 2529 1214 2586 ed.
1248 2547 1328 2599 pr.
1363 2549 1440 2596 v.,
1492 2548 1598 2587 om.
1635 2535 1697 2589 D.
1732 2560 1800 2572 -
1869 2530 1918 2586 3.
1953 2529 2214 2585 iustorum
2246 2546 2296 2585 c.
2330 2530 2396 2587 D.

214 2616 292 2671 ed.
327 2634 408 2687 pr.
445 2636 515 2684 v.,
549 2617 775 2673 istorum
809 2618 929 2674 Vnt.
968 2646 1037 2657 —
1107 2622 1155 2673 5.
1196 2617 1392 2686 spiritu
1426 2623 1613 2673 sancto
1648 2631 1693 2671 c.
1725 2619 1789 2671 D.
1826 2616 1913 2671 ed.
1951 2631 2037 2684 pr.
2072 2633 2138 2682 v.,
2174 2616 2401 2707 spiritus

216 2710 434 2760 sanctus
479 2703 602 2760 Vat.
650 2733 714 2747 ·-
770 2703 1018 2761 dominus
1068 2704 1122 2774 (ὃ
1172 2708 1314 2775 κύρο
1289 2710 1368 2767 ος)
1415 2719 1457 2759 c.
1493 2703 1589 2767 D,
1642 2703 1777 2757 deus
1829 2704 1951 2760 vat.
2000 2699 2085 2759 ed.
2128 2717 2208 2770 pr.
2244 2720 2291 2758 v.
2332 2731 2396 2745 -

217 2791 264 2845 6.
315 2791 446 2861 quia
491 2790 795 2860 quicunque
841 2805 886 2844 c.
921 2789 984 2847 B.
1018 2793 1080 2847 D
1113 2790 1175 2845 L.
1213 2790 1363 2856 Vat„
1419 2796 1474 2844 et
1508 2804 1860 2859 quaecunque
1894 2788 1978 2843 ed.
2013 2803 2120 2857 pr..
2178 2787 2236 2842 in
2269 2804 2401 2857 quo-

219 2892 426 2947 cunque
459 2895 508 2933 v.
548 2909 617 2918 —
660 2876 855 2945 spiritu
889 2893 933 2934 c.
967 2876 1028 2931 B.
1067 2876 1129 2933 L.
1162 2894 1207 2932 v.
1224 2919 1239 2944 ‚
1288 2875 1537 2945 spiritum
1568 2876 1636 2930 D.
1658 2918 1672 2942 ‚
1710 2875 1935 2944 spiritus
1973 2876 2092 2929 vat.
2126 2892 2177 2931 v.
2214 2904 2276 2913 —
2350 2876 2400 2931 ⁷.

218 2962 482 3033 loquitur,
529 2964 672 3021 sicut
703 2963 950 3019 dominus
981 2964 1097 3019 vult
1129 2962 1224 3032 (cf.
1259 2965 1365 3031 gr.)
1406 2979 1451 3019 c.
1487 2963 1549 3019 B.
1583 2962 1646 3021 L.
1665 3003 1679 3027 ,
1729 2977 1830 3017 om.
1868 2966 1928 3016 D.
1972 2965 2085 3016 vat.
2122 2961 2205 3018 ed.
2239 2977 2321 3030 pr.
2354 2980 2401 3017 v.

221 3078 286 3091 —
353 3052 402 3105 9.
439 3050 583 3105 enim
617 3067 662 3107 c.
701 3050 758 3105 B.
792 3050 856 3105 D.
897 3051 1039 3117 vat„
1075 3055 1256 3104 autem
1289 3047 1433 3104 hunc
1468 3048 1551 3103 ed.
1585 3064 1664 3118 pr.
1703 3066 1839 3106 v.-—
1875 3047 1968 3117 qui
2002 3050 2224 3114 putatur
2256 3045 2403 3113 c.D.‚

223 3137 310 3204 qui
352 3142 577 3207 putetur
607 3137 670 3192 B.
685 3177 698 3201 ‚
755 3140 976 3205 putatur
1027 3136 1113 3192 ed.
1159 3151 1242 3204 pr.
1287 3154 1334 3192 v.
1385 3166 1452 3175 —
1508 3134 1756 3205 spiritum
1803 3134 2067 3203 (πνεῦμα)
2101 3148 2148 3191 c.
2182 3133 2241 3187 Β.
2278 3134 2403 3191 Vat.

224 3222 301 3295 ed.
345 3239 433 3292 pr.
480 3242 559 3289 v.,
614 3224 862 3293 spiritum
896 3222 985 3278 dei
1017 3221 1084 3281 D.
1120 3253 1188 3263 —
1223 3222 1428 3278 exaltat
1462 3236 1522 3277 se
1558 3238 1603 3278 c.
1634 3220 1699 3275 B.
1731 3221 1799 3279 D.
1835 3220 1960 3278 Vat.
1979 3262 1994 3287 ,
2028 3220 2231 3276 exaltat
2264 3219 2406 3275 enim

225 3324 282 3363 se
326 3310 408 3365 ed.
458 3326 540 3381 pr.
587 3328 638 3367 v.
691 3342 759 3352 —
809 3310 1014 3367 habere
1059 3324 1104 3362 c.
1147 3307 1214 3363 D.
1261 3308 1343 3364 ed.
1391 3324 1472 3377 pr.
1512 3327 1585 3373 v.,
1638 3324 1739 3364 om.
1776 3308 1901 3365 Vnt.
1948 3336 2011 3347 -
2086 3309 2167 3360 11.
2214 3307 2273 3362 in
2317 3323 2407 3362 vo-

224 3395 516 3467 luptatibus
579 3412 627 3455 c.
679 3398 802 3453 Vat.
860 3396 960 3467 ed.¹
996 3412 1077 3465 pr.
1128 3411 1178 3454 v.
1193 3438 1207 3463 ,
1263 3394 1627 3466 voluptatibus
1677 3394 1744 3449 D.
1818 3426 1885 3438 -
1988 3396 2068 3449 12.
2130 3391 2405 3448 mercedes

225 3484 495 3553 (μισθοὺς)
547 3498 592 3538 c.
643 3483 713 3537 D.
768 3484 896 3541 Vat.
950 3483 1033 3539 ed.
1087 3498 1201 3551 pr.,
1259 3481 1561 3537 mercedem
1612 3499 1663 3539 v.
1717 3512 1784 3521 —
1850 3478 2045 3548 accipit
2099 3480 2406 3551 (λαμβάνει)

225 3584 268 3625 c.
314 3569 396 3625 ed.
445 3586 528 3641 pr.
572 3587 651 3636 v.,
706 3569 933 3638 accipiet
975 3572 1037 3624 D.
1089 3570 1211 3624 vat.
1262 3599 1325 3609 —-
1391 3566 1585 3638 quodsi
1628 3584 1673 3623 c.
1718 3565 1787 3623 D.
1835 3565 1918 3621 ed.
1966 3581 2045 3635 pr.
2088 3581 2139 3622 v.
2155 3605 2170 3631 ,
2229 3562 2410 3633 quidsi

227 3653 342 3710 Vat.
398 3684 462 3697 -·-
557 3656 638 3709 13.
689 3655 768 3711 ita
817 3670 944 3734 num
1001 3655 1234 3721 emend..
1295 3654 1374 3710 ita
1425 3670 1568 3709 nunc
1628 3653 1687 3712 C.
1741 3652 1808 3707 D.
1861 3652 1983 3708 Vat.
2041 3650 2203 3717 vict,
2260 3650 2409 3705 itane

229 3740 308 3796 ed.
340 3757 422 3810 pr.
456 3760 506 3799 v.
561 3770 625 3783 -—
699 3746 777 3797 14.
833 3742 930 3797 sed
971 3758 1079 3798 non
1112 3758 1158 3798 c.
1194 3742 1260 3798 D.
1294 3741 1381 3799 ed.
1414 3756 1525 3809 pr„
1574 3757 1682 3797 non
1722 3740 1844 3795 Vat.
1877 3757 1925 3795 v.
1960 3768 2029 3778 —
2060 3737 2164 3793 hoc
2197 3737 2410 3808 (τοῦτο)

229 3843 273 3884 c.
303 3826 400 3898 D.,
449 3829 588 3885 haec
619 3828 744 3885 Vat.
790 3828 872 3884 ed.
908 3845 988 3899 pr.
1024 3848 1076 3885 v.
1132 3860 1190 3869 —
1269 3831 1350 3885 14.
1391 3831 1474 3883 15.
1521 3827 1655 3883 facit
1690 3825 1912 3895 spiritus
1945 3823 2219 3881 terrestris
2256 3824 2411 3892 (ἄλλὰ

233 3924 331 3969 τῶν
366 3918 618 3970 τοιούτων
653 3917 930 3987 προφητῶν
965 3918 1196 3989 ἐπίγειόν
1233 3922 1344 3969 ἐστι
1380 3916 1438 3969 *td
1479 3915 1717 3985 πνεῦμα)
1752 3911 1987 3978 emend„
2022 3908 2154 3967 facit
2190 3908 2413 3978 spiritus

233 4006 482 4058 terrentes
516 4002 582 4059 D.
622 4004 746 4060 Vat.
783 4002 1047 4072 (tristres)
1081 4000 1212 4055 MsS.
1239 4000 1417 4071 Angl.,
1456 3999 1679 4070 spiritus
1712 3997 1984 4055 terrestris
2021 4003 2107 4053 est
2136 3996 2219 4053 ed.
2247 4011 2327 4065 pr.
2362 4012 2413 4054 v.

238 4115 300 4129 -·
371 4090 450 4143 15.
496 4088 554 4143 in
603 4088 832 4146 ecclesia
878 4088 1113 4144 virorum
1162 4086 1461 4156 [iustorum]
1498 4085 1705 4142 emend.
1742 4090 1841 4149 (εἰς
1877 4086 2174 4156 συναγωγὴν
2210 4084 2413 4156 ἄνδρῶν

239 4176 472 4247 δικαίων)
486 4216 502 4241 ,
534 4175 593 4231 in
626 4174 858 4232 ecclesia
890 4174 1124 4231 virorum
1158 4173 1282 4231 Vat.
1318 4173 1404 4229 ed.
1441 4189 1522 4243 pr.
1566 4170 1900 4243 (ecclesiam)
1917 4212 1931 4237 ,
1982 4170 2040 4226 in
2075 4168 2306 4227 ecclesia
2336 4168 2415 4225 vi·

238 4276 420 4319 vorum
449 4260 518 4321 D.
553 4279 600 4319 v.
647 4261 994 4334 (ecclesiam).
1048 4292 1118 4305 --
1175 4263 1273 4320 16.
1327 4260 1507 4317 dubiis
1552 4266 1609 4317 et
1649 4257 1836 4315 vacuis
1877 4256 1975 4325 (cf.
2010 4264 2119 4329 gr.)
2155 4256 2215 4313 Ο.
2252 4256 2320 4314 D.
2350 4272 2417 4323 v.,

241 4345 425 4415 dubiis,
459 4350 644 4406 vacuis
673 4351 793 4405 vat.
827 4349 912 4407 ed.
951 4365 1033 4421 pr.
1071 4381 1138 4391 -
1208 4351 1290 4406 16.
1333 4349 1414 4406 17.
1445 4348 1505 4403 in
1540 4345 1753 4417 angulis
1766 4350 1773 4362 '
1787 4352 1845 4402 et
1876 4344 2077 4403 abditis
2110 4343 2245 4402 locis
2278 4340 2415 4400 divi-
