3003 5080
611 466 698 530 76
1602 453 1809 528 Pastor.

615 643 827 722 quodsi
873 663 1060 706 unum
1107 645 1410 725 negotium
1455 654 1669 707 tractat
1712 647 1939 728 aliquiS,
1984 648 2199 727 poterit
2228 647 2443 708 servire
2471 647 2605 718 deo,
2656 663 2803 724 quo-

614 747 771 808 niam
834 768 955 809 non
1019 749 1310 811 alienatur
1368 751 1601 811 animus
1660 751 1786 810 eius
1845 769 1877 810 a
1922 751 2197 827 domino,
2266 752 2364 812 sed
2408 768 2555 830 pura
2604 756 2805 808 mente

613 851 791 912 servit
837 852 965 913 deo.
1011 854 1157 915 haec
1187 873 1344 938 *ergo
1389 853 1438 914 si
1480 856 1711 929 leceriS‚
1756 855 1975 936 poteris
2021 855 2291 916 veniente
2336 852 2535 914 seculo
2582 851 2805 914 habere

613 956 906 1031 fructum,
951 957 1052 1018 sed
1099 968 1158 1019 et
1201 977 1408 1020 omnes
1455 960 1556 1039 qui
1602 960 1849 1021 fecerint
1890 959 2035 1020 haec
2079 959 2335 1019 fructum
2382 957 2641 1018 ferent“.

551 1153 592 1216 5
1395 1155 1870 1228 Similitudo
1917 1158 2017 1264 V.

831 1273 1019 1336 1Dum
1058 1275 1382 1339 ieiunarem
1429 1288 1487 1340 et
1530 1282 1797 1342 sederem
1840 1280 1900 1342 in
1948 1287 2151 1341 monte
2196 1277 2455 1358 quodam
2495 1283 2553 1337 et
2584 1275 2806 1355 gratias

611 1395 846 1456 agerem
892 1379 1001 1439 deo
1047 1398 1159 1459 pro
1205 1383 1482 1445 omnibus
1529 1403 1679 1463 quae
1727 1385 1944 1446 fecerat
1986 1402 2241 1458 mecum,
2288 1383 2455 1444 video
2501 1390 2802 1463 pastorem

501 1520 508 1527 ·
609 1479 772 1541 illum
835 1483 1136 1544 sedentem
1197 1484 1358 1547 iuxta
1416 1505 1513 1548 me
1566 1495 1625 1548 et
1669 1489 1814 1550 haec
1858 1486 2146 1549 dicentem
2192 1486 2368 1546 mihi:
2442 1485 2639 1564 „Quid
2686 1493 2801 1545 tam

612 1601 786 1644 mane
829 1585 948 1646 huc
990 1587 1288 1649 venisti“?
1329 1591 1647 1670 respondi:
1724 1590 2091 1668 „Quoniam‚
2166 1589 2440 1669 domine,
2484 1587 2801 1654 stationem

513 1682 590 1748 10
611 1687 866 1749 haheo“.
957 1691 1150 1766 „Quid
1199 1697 1349 1768 est“‚
1389 1693 1602 1775 inquit,
1650 1692 1954 1771 „statio“?
1998 1702 2055 1754 et
2100 1693 2249 1754 dixi:
2299 1693 2705 1770 „Ieiunium“.
2750 1699 2805 1751 et

611 1791 786 1853 dixit:
859 1795 1053 1871 „Quid
1113 1804 1200 1857 est
1249 1797 1395 1859 illud
1439 1796 1816 1860 ieiunium“?
1908 1797 2113 1875 „Sicut
2156 1796 2482 1871 solebam“‚
2529 1795 2801 1875 inquam,

613 1895 736 1972 „sic
794 1896 1056 1959 ieiuno“.
1165 1900 1515 1977 „Nescitis“‚
1588 1883 1809 1983 inquit.
1888 1902 2039 1979 „deo
2098 1899 2393 1975 ieiunare,
2464 1917 2665 1978 neque
2720 1906 2804 1959 est

609 2000 896 2062 ieiunium
958 2002 1104 2083 hoc,
1173 2005 1333 2082 quod
1393 2025 1498 2066 vos
1554 2005 1826 2067 ieiunatis
1883 2005 2125 2066 domino
2172 2003 2321 2065 nihil
2363 2003 2801 2083 proficientes“.

613 2105 912 2180 „Quare“‚
958 2106 1223 2184 inquam,
1272 2107 1573 2190 „domine,
1618 2109 1695 2169 ita
1743 2108 1973 2170 dicis“?
2062 2108 2243 2184 „Dico
2288 2107 2469 2180 enim,
2514 2107 2798 2186 quoniam

510 2203 590 2266 15
611 2226 731 2268 non
778 2215 867 2269 est
911 2208 1197 2271 ieiunium
1240 2211 1390 2287 hoc,
1439 2213 1601 2292 quod
1645 2212 1863 2292 putatis
1906 2231 2009 2274 vos
2052 2212 2343 2286 ieiunare,
2386 2211 2489 2272 sed
2534 2229 2646 2290 ego
2698 2206 2799 2270 do-

611 2311 757 2372 cebo
805 2317 896 2386 te,
965 2313 1125 2392 quod
1169 2323 1260 2374 est
1300 2315 1584 2377 ieiunium
1630 2316 1873 2396 plenum
1920 2324 2346 2396 acceptumque
2390 2315 2520 2375 deo.
2596 2313 2799 2392 audi“‚

609 2415 833 2496 inquit,
910 2416 1232 2492 „dominus
1292 2437 1415 2479 non
1479 2419 1773 2481 desiderat
1833 2419 1943 2480 tale
1998 2418 2279 2481 ieiunium
2341 2435 2797 2498 supervacuum.

608 2517 692 2579 sic
754 2517 909 2580 enim
955 2519 1272 2584 ieiunando
1320 2523 1463 2585 nihil
1505 2532 1768 2605 praestas
1813 2522 2105 2604 aequitati.
2150 2522 2345 2584 ieiuna
2388 2521 2542 2584 enim
2586 2538 2796 2583 verum

607 2621 893 2684 ieiunium
936 2624 1071 2686 tale.
1117 2627 1261 2688 nihil
1303 2628 1364 2689 in
1412 2627 1527 2689 vita
1570 2636 1673 2689 tua
1711 2627 1983 2705 nequiter
2024 2626 2219 2701 faciaS‚
2261 2627 2363 2688 sed
2406 2635 2603 2688 mente
2648 2642 2799 2707 pura

607 2825 709 2865 sua
745 2809 1014 2865 desideria
1049 2812 1134 2867 ed.
1167 2828 1248 2881 pr.
1283 2831 1329 2869 v.
1377 2845 1445 2854 —
1520 2818 1563 2869 1.
1599 2812 1872 2882 negotium
1906 2817 2103 2868 tractat
2136 2830 2183 2870 o.
2218 2813 2281 2867 D.
2320 2811 2405 2869 ed.
2441 2827 2520 2882 pr.
2555 2831 2630 2878 v.,
2692 2817 2798 2881 tra-

605 2902 716 2953 ctat
749 2898 1022 2967 negotium
1058 2898 1178 2954 Vat.
1213 2930 1280 2939 --
1317 2899 1420 2956 deo
1456 2917 1498 2956 c.
1541 2901 1660 2955 Vat.
1698 2899 1783 2955 ed.
1825 2917 1902 2969 pr.
1938 2918 2014 2964 v.,
2051 2916 2154 2957 om.
2188 2900 2253 2956 D.
2296 2928 2356 2939 —
2430 2903 2477 2953 2.
2512 2915 2545 2953 a
2582 2898 2799 2953 domino

605 2987 736 3051 (ἀπὸ
774 2994 866 3037 τοῦ
904 2985 1106 3056 κυρίου)
1141 3001 1189 3042 c.
1225 2986 1290 3039 D.
1326 3005 1400 3054 v.,
1453 3002 1488 3040 a
1529 2985 1627 3040 deo
1662 2985 1784 3042 Vat.
1820 2986 1906 3044 ed.
1944 3002 2023 3056 pr.
2082 3015 2147 3025 —
2218 2990 2267 3043 3.
2322 2987 2458 3041 haec
2492 2986 2713 3053 (ταῦτα)
2750 3000 2792 3037 c.

606 3070 690 3137 D.,
725 3070 827 3126 hoc
859 3070 984 3126 Vat.
1025 3071 1105 3126 ed.
1140 3087 1220 3139 pr.
1256 3092 1304 3128 v.
1343 3102 1404 3113 --
1439 3072 1687 3128 veniente
1722 3089 1766 3127 c.
1800 3073 1869 3131 D.
1888 3073 2028 3138 Vat„
2063 3072 2121 3126 in
2154 3077 2379 3128 venturo
2414 3071 2499 3127 ed.
2536 3088 2616 3142 pr.
2652 3090 2700 3127 v.
2731 3100 2793 3111 -—

744 3160 790 3209 5.
827 3156 969 3211 XXI.
1005 3157 1070 3211 D.
1113 3186 1175 3197 —
1251 3163 1297 3213 6.
1352 3159 1494 3214 Dum
1546 3158 1639 3228 (cf.
1678 3159 1803 3214 Sim.
1839 3159 1933 3224 VI,
1973 3161 2016 3212 1.
2052 3158 2314 3215 Roensch.
2352 3160 2386 3213 l.
2422 3160 2459 3213 l.
2495 3176 2548 3227 Ρ.
2586 3160 2717 3225 400)
2749 3174 2793 3213 c.

605 3243 702 3308 D..
751 3243 885 3297 Cum
923 3246 1044 3299 Vat.
1081 3244 1162 3299 ed.
1198 3261 1280 3315 pr.
1314 3264 1364 3305 v.
1421 3278 1486 3287 —
1560 3250 1607 3302 6.
1646 3247 1693 3301 7.
1753 3246 1958 3317 gratias
1996 3261 2209 3315 agerem
2246 3261 2292 3301 c.
2332 3245 2455 3300 Vat.
2492 3244 2575 3300 ed.
2612 3261 2696 3313 pr.
2735 3261 2793 3306 v.,

607 3344 823 3399 agerem
869 3330 1072 3399 gratias
1122 3332 1187 3385 D.
1244 3363 1309 3373 —
1383 3336 1428 3388 8.
1477 3337 1535 3386 et
1577 3333 1713 3388 haec
1748 3348 1791 3389 c.
1828 3332 1897 3390 D.
1938 3334 2004 3388 V.
2042 3332 2196 3396 (haec
2242 3330 2406 3386 etiam
2440 3331 2556 3398 B.)‚
2613 3347 2679 3387 ac
2715 3329 2792 3384 ed.

606 3431 689 3485 pr.
724 3434 771 3471 v.
821 3447 884 3455 —
968 3420 1050 3473 11.
1107 3416 1248 3485 Quid
1283 3436 1325 3474 c.
1364 3418 1486 3473 Vat.
1524 3419 1607 3475 ed.
1638 3436 1719 3488 pr.
1753 3437 1801 3473 v.
1821 3460 1834 3483 ‚
1888 3418 2043 3486 Quod
2073 3418 2139 3473 D.
2178 3446 2243 3456 —-
2296 3416 2431 3471 illud
2466 3431 2511 3471 c.
2551 3419 2677 3472 Vat.
2712 3415 2789 3470 ed.

605 3519 686 3571 pr.
720 3521 798 3566 v.,
835 3502 983 3558 istud
1019 3507 1076 3558 D.
1116 3534 1179 3543 -—
1255 3507 1335 3559 13.
1370 3522 1465 3561 vos
1500 3523 1549 3563 c.
1585 3508 1651 3561 D.
1686 3508 1837 3573 vat„
1876 3521 1979 3561 om.
2016 3504 2100 3560 ed.
2137 3520 2219 3574 pr.
2254 3521 2300 3557 v.
2338 3532 2405 3542 -
2443 3501 2659 3559 domino
2697 3505 2789 3573 (τῷ

606 3590 787 3659 κυρίῳ)
825 3606 867 3644 c.
903 3590 969 3645 D.
1005 3589 1167 3659 (d’o)‚
1203 3590 1304 3645 deo
1337 3591 1460 3648 Vat.
1497 3592 1581 3648 ed.
1615 3609 1695 3661 pr.
1730 3611 1780 3648 v.
1819 3622 1882 3632 -
1952 3595 2035 3645 14.
2078 3592 2157 3645 15.
2193 3590 2314 3646 dico
2347 3591 2507 3654 enim,
2543 3590 2793 3658 quoniam

606 3693 714 3731 non
751 3681 835 3730 est
875 3692 920 3731 c.
954 3676 1020 3730 D.
1055 3676 1177 3734 Vat.
1216 3678 1296 3733 ed.
1332 3695 1441 3747 pr.‚
1475 3679 1612 3744 dico,
1648 3682 1811 3741 certe,
1845 3677 2035 3747 inquit,
2075 3694 2182 3733 non
2218 3692 2339 3732 esse
2371 3695 2417 3731 v.
2457 3706 2523 3716 ——
2598 3680 2677 3733 15.
2723 3676 2791 3729 16.

607 3763 808 3818 docebo
842 3767 926 3829 te,
962 3762 1104 3831 quod
1141 3768 1225 3818 est
1259 3780 1304 3819 c.
1338 3764 1406 3821 D.
1442 3765 1563 3820 Vat.
1602 3765 1733 3833 (om.
1770 3765 1878 3833 te),
1912 3771 1965 3819 te
2001 3764 2229 3828 docebo,
2285 3764 2428 3833 quod
2464 3768 2547 3818 est
2582 3764 2665 3819 ed.
2698 3778 2788 3833 pr„

606 3855 661 3903 te
698 3850 929 3915 docebo,
967 3850 1096 3918 quid
1131 3850 1204 3903 sit
1237 3850 1349 3906 Cot.
1387 3855 1567 3906 Dress.
1604 3850 1802 3920 (quod).
1837 3880 1904 3891 —·
1976 3853 2055 3906 17.
2095 3866 2487 3919 supervacuum
2521 3865 2567 3904 c.
2604 3852 2672 3909 D.
2710 3848 2789 3904 ed.

604 3952 683 4005 pr.
719 3955 764 3992 v.
783 3978 796 4003 ,
832 3952 1221 4005 supervacuum
1257 3942 1342 3991 est
1374 3937 1497 3993 Vat.
1537 3969 1603 3978 —
1676 3939 1758 3995 18.
1798 3940 1875 3991 19.
1925 3935 2108 3993 ieiuna
2142 3938 2284 3991 enim
2316 3953 2503 3993 verum
2535 3937 2788 3993 ieiunium

604 4024 713 4077 tale
754 4025 1060 4093 (νήστευσον
1103 4026 1158 4077 δὲ
1195 4032 1266 4095 τῷ
1303 4032 1411 4094 θεῷ
1449 4032 1691 4091 νηστείαν
1726 4027 1997 4092 τοιαύτην)
2036 4042 2081 4081 c.
2114 4023 2195 4077 ed.
2219 4040 2317 4092 pr„
2354 4024 2617 4079 ieiunium
2652 4024 2786 4079 enim

604 4124 790 4164 verum
824 4109 1084 4165 ieiunium
1117 4112 1228 4166 tale
1261 4111 1357 4176 D.,
1392 4111 1512 4165 leve
1548 4108 1689 4164 enim
1724 4109 1985 4165 ieiunium
2020 4111 2131 4166 tale
2165 4116 2250 4165 est
2288 4111 2377 4179 L.,
2430 4111 2614 4167 ieiuna
2648 4115 2787 4165 certe

602 4211 789 4252 verum
821 4196 1082 4251 ieiunium
1115 4198 1228 4253 tale
1261 4215 1327 4262 v.,
1367 4212 1466 4252 om.
1508 4198 1627 4251 Vat.
1665 4228 1729 4241 -
1770 4200 1850 4251 19.
1884 4202 1980 4252 tua
2014 4213 2057 4252 c.
2102 4198 2219 4253 Vat.
2253 4198 2335 4253 ed.
2374 4214 2455 4267 pr.
2490 4214 2554 4262 v.,
2591 4212 2694 4253 sua
2726 4195 2787 4250 D.

594 4315 670 4339 .-
709 4288 886 4339 mente
920 4300 1058 4353 pura
1093 4300 1136 4341 c.
1173 4286 1300 4342 Vat.
1337 4284 1418 4347 ed.
1457 4299 1540 4352 pr.
1578 4300 1640 4349 v.,
1680 4300 1818 4354 pura
1850 4289 2029 4339 mente
2061 4284 2127 4339 D.
2165 4312 2231 4324 ·-

2954 1607 2959 1856 ι

2956 1911 2961 2172 ι

2953 2217 2963 2466 4
