3003 5080
1188 428 1303 488 vis.
1337 431 1379 495 1,
1417 434 1465 486 2.
1500 435 1549 486 a.
2418 437 2461 500 5
2532 419 2539 430 ’

273 600 676 686 plenissimis?
721 606 953 686 quantis
1003 606 1196 668 verbis
1237 607 1460 685 rogabo
1508 606 1837 686 dominum,
1882 615 1949 668 ut
1990 609 2130 670 mihi
2167 610 2459 690 propitius

273 706 395 770 sit?
465 709 609 769 haec
653 727 748 769 me
788 707 1150 787 recogitante
1191 715 1250 769 et
1295 699 1670 771 discernente
1710 707 1772 769 in
1819 709 1999 770 corde
2042 731 2212 792 meo,
2286 712 2454 772 video

156 851 160 858 ·
275 819 482 872 contra
528 829 624 872 me
655 810 990 872 cathedram
1023 811 1096 871 de
1127 811 1276 872 lanis
1307 811 1569 872 candidis
1596 811 1750 871 sicut
1779 810 1878 872 nix
1909 812 2123 874 factam
2154 832 2449 894 magnam.

273 922 334 973 et
387 913 548 974 venit
601 911 816 974 mulier
871 931 1021 974 anus
1077 913 1138 974 in
1199 922 1357 974 veste
1414 913 1757 994 splendida,
1826 913 2051 976 habens
2108 915 2324 978 librum
2385 916 2447 978 in

271 1033 486 1095 manu,
553 1023 614 1076 et
653 1015 802 1076 sedit
844 1015 1159 1094 singularis
1201 1024 1262 1077 et
1300 1015 1577 1077 salutavit
1618 1034 1747 1077 me:
1823 1015 2114 1099 „Herma‚
2180 1023 2345 1081 ave“.
2390 1027 2451 1080 et
2502 1013 2549 1076 5

269 1137 380 1196 ego
439 1127 699 1179 moestus
757 1127 815 1179 et
873 1118 1113 1196 plorans
1174 1117 1324 1178 dixi:
1407 1118 1729 1194 „Domina‚
1799 1121 1965 1183 ave“.
2038 1128 2097 1180 et
2148 1119 2249 1181 illa.
2303 1120 2451 1181 dixit

269 1220 440 1280 mihi:
549 1217 740 1296 „Quid
827 1227 1091 1280 moestus
1174 1239 1270 1300 eS‚
1355 1220 1609 1301 Herma,
1699 1221 1801 1300 qui
1879 1239 2009 1282 eras
2087 1223 2316 1302 patiens
2388 1231 2447 1284 et

267 1323 571 1384 modestus
629 1330 688 1383 et
745 1341 977 1402 semper
1029 1321 1319 1384 hilaris“?
1388 1323 1756 1403 respondens
1796 1323 1926 1386 dico
1970 1324 2055 1386 ei:
2132 1323 2443 1401 „Domina‚

259 1422 625 1486 contumelia
679 1424 904 1485 obiecta
948 1433 1038 1485 est
1077 1424 1218 1485 mihi
1258 1443 1291 1485 a
1338 1425 1583 1486 muliere
1626 1425 1847 1505 optima
1888 1426 2118 1488 dicente
2161 1428 2439 1507 quoniam
2552 1419 2567 1438 “

262 1527 500 1608 peccavi
542 1527 604 1588 in
652 1531 844 1588 eam“.
887 1534 946 1587 at
985 1527 1084 1588 illa
1129 1527 1301 1587 dixit:
1347 1528 1553 1604 „Absit
1594 1547 1627 1588 a
1670 1547 1839 1589 servo
1887 1529 1981 1590 dei
2022 1549 2119 1590 res
2161 1530 2288 1592 ista.
2334 1531 2437 1592 sed
2460 1529 2542 1592 w

261 1631 418 1690 forte
472 1630 533 1688 in
591 1630 770 1690 corde
819 1638 923 1689 tuo
967 1629 1228 1691 ascendit
1270 1630 1386 1691 illa.
1431 1639 1521 1691 est
1563 1631 1800 1710 quidem
1844 1630 1906 1691 in
1948 1631 2129 1693 servis
2173 1633 2265 1694 dei
2309 1633 2439 1694 talis

261 1731 535 1810 cogitatio
579 1743 887 1810 peccatum
931 1732 1212 1794 inferenS.
1254 1751 1378 1793 non
1423 1733 1582 1794 enim
1612 1733 1887 1812 cogitatio
1917 1734 2062 1795 haec
2089 1735 2266 1796 debet
2291 1755 2439 1809 esse,

257 1834 634 1896 abhorrenda
676 1852 844 1893 servo
889 1833 1001 1905 dei,
1045 1843 1104 1894 et
1147 1835 1389 1914 spiritus
1431 1835 1717 1914 probatus
1760 1835 2181 1916 concupiscere
2222 1837 2282 1898 in
2310 1857 2437 1900 ma·
2474 1883 2481 1892 .

255 1939 385 1996 lum
432 1955 607 2015 opus,
653 1943 712 1996 et
753 1935 1068 2015 praecipue
1101 1937 1338 2011 Herma,
1382 1937 1481 2016 qui
1526 1947 1615 1998 est
1656 1937 1969 1999 continens
2008 1939 2081 2000 ab
2112 1939 2275 2000 omni
2305 1941 2435 2020 pol-

254 2033 484 2099 lutione
538 2038 785 2099 scelesta
838 2046 898 2098 et
947 2049 1037 2099 est
1089 2040 1253 2099 omni
1309 2041 1679 2119 simplicitate
1733 2040 1947 2120 plenus
1996 2049 2055 2102 et
2092 2041 2435 2106 innocentia
2456 2046 2539 2109 15·

244 2144 493 2220 magna.
583 2139 731 2202 ⁸sed
789 2159 912 2200 non
975 2159 1148 2202 causa
1207 2142 1289 2203 tui
1329 2143 1605 2206 irascitur
1648 2143 1827 2217 deuS‚
1894 2145 1999 2205 sed
2041 2154 2284 2224 propter
2326 2144 2435 2206 do-

252 2262 420 2306 mum
468 2251 654 2324 tuam,
695 2262 847 2323 quae
891 2245 1052 2304 nefas
1093 2243 1327 2305 admisit
1367 2245 1428 2306 in
1473 2245 1782 2307 dominum
1826 2253 1887 2307 et
1928 2245 1990 2306 in
2025 2265 2130 2307 vos
2158 2255 2433 2326 parentes

249 2366 416 2408 suos,
463 2355 521 2407 et
563 2354 627 2407 tu
673 2364 809 2407 cum
853 2345 931 2407 sis
972 2355 1201 2406 amator
1241 2347 1521 2429 filiorum,
1560 2366 1685 2409 non
1728 2347 2150 2410 commonuisti
2184 2349 2430 2411 domum

393 2481 440 2533 1.
486 2477 816 2550 plenissimis
857 2495 906 2535 c.
940 2477 1010 2538 D.
1049 2479 1201 2544 Vat.,
1253 2479 1732 2536 abundantissimis
1778 2480 1864 2540 ed.
1896 2497 1981 2553 pr.
2014 2499 2067 2540 V.
2102 2509 2169 2523 —
2216 2483 2435 2551 quantis

245 2582 294 2625 c.
332 2565 398 2623 D.
433 2566 576 2632 Vat„
607 2565 805 2635 quibus
840 2565 924 2621 ed.
957 2581 1038 2633 pr.
1074 2583 1119 2620 v.
1157 2594 1208 2609 -·
1292 2569 1343 2623 2.
1379 2567 1709 2636 recogitante
1742 2582 1787 2623 c.
1822 2566 1888 2623 D.
1906 2568 2028 2623 Vat.
2062 2585 2129 2633 v..
2164 2568 2433 2637 cogitante

241 2650 338 2709 ed.
372 2666 454 2719 pr.
493 2680 562 2691 —
631 2652 678 2705 3.
711 2650 1032 2707 kathedram
1060 2651 1130 2707 D.
1166 2654 1447 2721 (semper).
1478 2683 1550 2693 —
1600 2657 1652 2709 4.
1688 2652 1969 2721 splendida
2003 2668 2047 2707 c.
2083 2653 2208 2708 Vat.
2244 2653 2326 2707 ed.
2345 2670 2427 2722 pr.

241 2754 328 2803 v.‚
365 2735 594 2792 candida
625 2736 692 2790 D.
726 2764 792 2779 -
864 2738 909 2790 5.
946 2752 1109 2791 manu
1144 2751 1189 2791 c.
1219 2738 1339 2792 Vat.
1375 2738 1454 2791 ed.
1491 2754 1573 2807 pr.
1606 2756 1674 2805 v.‚
1708 2754 1873 2793 manu
1908 2753 2009 2792 sna
2040 2737 2103 2792 D.
2142 2768 2207 2777 —
2244 2738 2428 2808 singu-

243 2822 382 2879 laris
415 2835 460 2877 c.
496 2822 564 2879 D.
600 2822 742 2886 Vnt..
778 2823 896 2877 sola
933 2822 1017 2877 ed.
1055 2838 1134 2890 pr.
1167 2840 1218 2879 v.
1256 2852 1318 2864 —
1356 2824 1408 2881 7.
1444 2836 1567 2877 eras
1601 2840 1647 2879 c.
1679 2823 1747 2881 D.
1782 2824 1903 2879 Vat.
1940 2824 2023 2879 ed.
2059 2839 2142 2893 pr.
2174 2840 2241 2891 v,
2279 2840 2339 2879 es
2359 2826 2421 2879 G.

242 2940 313 2951 --
387 2910 437 2963 8.
471 2907 728 2969 Domina,
789 2906 1002 2963 domina
1033 2906 1102 2966 D.
1151 2936 1219 2957 «ε-
1289 2910 1338 2966 9.
1384 2910 1707 2967 contumelia
1750 2926 1795 2967 c.
1842 2910 1913 2969 D.
1946 2909 2069 2965 Vat.
2114 2908 2201 2967 ed.
2243 2925 2325 2978 pr.
2360 2928 2429 2976 v..

240 2994 468 3050 lascivia
501 2993 653 3052 Mea·
673 2992 826 3061 Angl.
862 3020 930 3033 -·
977 2993 1187 3049 obiecta
1222 3001 1306 3049 est
1337 2992 1468 3047 mihi
1503 3010 1547 3051 c.
1597 2995 1719 3051 Vat.
1766 2996 1835 3051 ed
1892 3011 1998 3066 pr..
2052 2994 2182 3049 mihi
2214 2995 2425 3051 obiecta
2456 2986 2463 2990 ’

241 3087 330 3136 est
374 3080 439 3133 D.
489 3098 539 3137 v.
576 3109 646 3120 —
692 3078 944 3149 quoniam
978 3092 1026 3135 c.
1059 3080 1125 3133 D.
1167 3080 1286 3133 Vat.
1325 3080 1403 3134 ed.
1439 3096 1549 3149 pr„
1584 3080 1727 3149 quod
1758 3098 1808 3137 v.
1847 3110 1903 3121 -·
1953 3083 2034 3139 10.
2066 3088 2127 3137 at
2158 3097 2204 3137 c.
2237 3080 2304 3135 D.
2341 3081 2425 3137 ed.

238 3183 323 3235 pr.
357 3184 436 3230 v.‚
493 3181 558 3220 ac
600 3166 726 3221 Vat.
771 3164 956 3220 Dress.
1012 3192 1070 3205 -
1130 3165 1264 3219 dixit
1308 3182 1353 3222 c.
1386 3164 1454 3223 D.
1491 3166 1644 3231 Vat.‚
1698 3166 1832 3220 dixit
1872 3166 2005 3235 mihi
2037 3167 2121 3223 ed.
2154 3182 2234 3237 pr.
2268 3185 2318 3224 v.
2352 3198 2422 3209 ·-—

243 3254 330 3307 11.
381 3252 476 3305 illa
522 3252 667 3320 (περὶ
713 3253 802 3303 αὐτ
815 3251 893 3319 ἧς)
941 3266 983 3305 c.
1026 3248 1093 3304 D.
1139 3250 1260 3305 Vat.
1281 3290 1294 3312 ‚
1348 3251 1494 3305 illius
1542 3252 1973 3321 concupiscentia
2016 3246 2105 3309 ed.
2149 3269 2229 3322 pr.
2269 3271 2316 3308 v.
2354 3282 2420 3299 -.-

243 3340 326 3392 12.
367 3341 445 3391 13.
483 3336 733 3405 cogitatio
767 3335 902 3391 haec
933 3334 1094 3390 debet
1133 3350 1272 3399 esse,
1306 3335 1645 3392 abhorrenda
1691 3351 1847 3393 servo
1881 3336 1968 3393 dei
2005 3351 2050 3392 c.
2083 3338 2225 3404 Vat„
2257 3339 2421 3408 cogit-

236 3424 382 3479 tacio
432 3419 533 3476 hec
579 3423 739 3476 debet
769 3419 1108 3475 abhorrenda
1140 3436 1262 3474 esse
1299 3436 1451 3476 servo
1490 3421 1579 3475 dei
1624 3423 1718 3487 D.,
1774 3423 1935 3478 debet
1984 3424 2120 3482 haec
2168 3425 2423 3493 cogitatio

235 3507 578 3563 abhorrenda
611 3521 734 3561 esse
773 3507 830 3561 in
865 3521 1020 3587 servo
1056 3505 1145 3587 dei
1180 3505 1262 3560 ed.
1304 3522 1386 3575 pr.
1421 3524 1467 3561 v.
1501 3534 1571 3546 -
1627 3510 1707 3560 13.
1742 3511 1824 3561 14.
1866 3514 1921 3563 et
1953 3508 2177 3577 spiritus
2206 3508 2421 3589 (spiritu

236 3578 324 3641 G.)
369 3578 628 3644 probatus
672 3590 1052 3645 concupiscere
1093 3591 1149 3630 in
1193 3576 1394 3631 malum
1448 3591 1585 3643 opus
1629 3589 1676 3629 c.
1717 3576 1783 3629 D.
1820 3576 1940 3632 Vat.
1975 3580 2059 3648 (et
2092 3583 2265 3646 spetle
2296 3593 2427 3648 pro—x

235 3662 404 3717 batus
445 3666 565 3725 etc.)
586 3697 602 3727 ‚
650 3676 827 3731 neque
871 3660 1092 3731 spiritus
1136 3663 1394 3729 probatus
1439 3660 1815 3729 concupiscere
1848 3662 1906 3716 in
1939 3662 2141 3719 malum
2167 3678 2303 3733 opus
2336 3664 2423 3731 ed.

233 3763 317 3817 pr.
351 3764 403 3804 v.
439 3748 569 3815 (om.
602 3745 704 3814 in).
739 3775 807 3786 --
843 3750 922 3801 14.
957 3745 1157 3800 Herma
1192 3762 1242 3805 c.
1273 3746 1339 3801 D.
1376 3744 1516 3809 Vat„
1547 3746 1775 3802 Hermas
1808 3746 1897 3805 ed.
1930 3764 2011 3817 pr.
2042 3766 2089 3804 v.
2129 3778 2195 3789 -
2244 3753 2421 3803 14.15.

231 3831 533 3903 pollutione
564 3845 614 3885 c.
647 3830 716 3886 D.
750 3830 1073 3900 (polucione)
1112 3831 1251 3895 Vat„
1283 3832 1718 3901 concupiscentia
1751 3832 1835 3889 ed.
1870 3848 1951 3901 pr.
1985 3851 2035 3892 v.
2070 3862 2124 3873 -·
2210 3839 2289 3893 16.
2325 3836 2421 3889 sed

233 3932 277 3971 c.
319 3914 386 3969 D.
421 3916 572 3979 vat,
629 3924 998 3971 verumtamen
1049 3916 1130 3987 ed.
1177 3933 1256 3986 pr.
1298 3935 1345 3972 v.
1380 3945 1450 3957 —
1504 3917 1587 3972 tui
1623 3930 1669 3970 c.
1700 3916 1767 3973 D.
1802 3917 1887 3973 ed.
1922 3932 2004 3985 pr.
2036 3938 2117 3985 v..
2168 3926 2265 3977 tua
2298 3920 2423 3977 Vat.

233 4002 425 4058 DresS.
464 4030 523 4043 -·
562 4000 818 4057 irascitur
849 4017 897 4059 c.
929 4000 996 4057 D.
1029 4000 1113 4056 ed.
1147 4018 1229 4071 pr.
1265 4020 1312 4057 v.
1328 4042 1342 4065 ‚
1379 4002 1648 4059 irascetur
1679 4004 1800 4060 Vat.
1836 4032 1907 4045 -·
1938 4002 2076 4061 deus
2110 4021 2159 4061 c.
2192 4005 2259 4063 D.
2296 4005 2422 4061 Vat.

235 4084 456 4151 Dress„
506 4084 754 4143 dominus
797 4086 881 4143 ed.
917 4102 1000 4157 pr.
1033 4105 1086 4145 v.
1119 4116 1189 4129 -··
1259 4091 1340 4143 17.
1375 4102 1472 4143 vos
1520 4088 1708 4159 (ὑμᾶς)
1742 4089 1977 4155 emend..
2032 4106 2133 4145 nos
2163 4091 2262 4158 D.,
2316 4083 2421 4147 om.

238 4172 364 4225 vat.
397 4171 480 4227 ed.
515 4186 594 4241 pr.
627 4188 674 4228 v.
711 4204 778 4215 -
850 4176 931 4232 18.
967 4172 1340 4229 commonuisti
1376 4188 1418 4227 c.
1457 4174 1579 4230 Vat.
1616 4172 1700 4230 ed.
1734 4190 1814 4247 pr.
1847 4192 1893 4231 v.
1911 4214 1927 4241 ‚
1958 4176 2231 4233 comovisti
2266 4176 2329 4233 D.
2359 4206 2423 4216 -
