<?xml version="1.0" encoding="UTF-8"?>
<!DOCTYPE html PUBLIC "-//W3C//DTD XHTML 1.0 Transitional//EN"
    "http://www.w3.org/TR/xhtml1/DTD/xhtml1-transitional.dtd">
<html xmlns="http://www.w3.org/1999/xhtml" xml:lang="en" lang="en">
 <head>
  <title>
</title>
<meta http-equiv="Content-Type" content="text/html;charset=utf-8" />
  <meta name='ocr-system' content='tesseract 3.04.00' />
  <meta name='ocr-capabilities' content='ocr_page ocr_carea ocr_par ocr_line ocrx_word'/>
</head>
<body>
  <div class='ocr_page' id='page_1' title='image "./hermaepastorvet01hermgoog_0128.png"; bbox 0 0 3003 5080; ppageno 0'>
   <div class='ocr_carea' id='block_1_1' title="bbox 561 404 1767 469">
    <p class='ocr_par' dir='ltr' id='par_1_1' title="bbox 561 404 1767 469">
     <span class='ocr_line' id='line_1_1' title="bbox 561 404 1767 469; baseline -0.003 0"><span class='ocrx_word' id='word_1_1' title='bbox 561 404 688 469; x_wconf 78' lang='lat'><strong>110</strong></span> <span class='ocrx_word' id='word_1_2' title='bbox 1557 408 1767 465; x_wconf 72' lang='lat' dir='ltr'><strong>Pastor.</strong></span> 
     </span>
    </p>
   </div>
   <div class='ocr_carea' id='block_1_2' title="bbox 462 576 2757 2196">
    <p class='ocr_par' dir='ltr' id='par_1_2' title="bbox 462 576 2757 2196">
     <span class='ocr_line' id='line_1_2' title="bbox 559 576 2752 660; baseline 0 -24"><span class='ocrx_word' id='word_1_3' title='bbox 559 576 823 637; x_wconf 78' lang='lat' dir='ltr'><strong>habitare</strong></span> <span class='ocrx_word' id='word_1_4' title='bbox 877 588 1222 659; x_wconf 85' lang='lat' dir='ltr'><strong>coeperunt.</strong></span> <span class='ocrx_word' id='word_1_5' title='bbox 1281 580 1523 660; x_wconf 79' lang='lat' dir='ltr'><strong>quidam</strong></span> <span class='ocrx_word' id='word_1_6' title='bbox 1578 600 1721 642; x_wconf 85' lang='lat' dir='ltr'><strong>vero</strong></span> <span class='ocrx_word' id='word_1_7' title='bbox 1778 598 1989 643; x_wconf 86' lang='lat' dir='ltr'><strong>eorum</strong></span> <span class='ocrx_word' id='word_1_8' title='bbox 2028 580 2095 641; x_wconf 93' lang='lat' dir='ltr'><strong>in</strong></span> <span class='ocrx_word' id='word_1_9' title='bbox 2136 588 2333 639; x_wconf 90' lang='lat' dir='ltr'><strong>totum</strong></span> <span class='ocrx_word' id='word_1_10' title='bbox 2376 577 2752 639; x_wconf 82' lang='lat' dir='ltr'><strong>destiterunt.</strong></span> 
     </span>
     <span class='ocr_line' id='line_1_3' title="bbox 559 680 2753 763; baseline -0 -23"><span class='ocrx_word' id='word_1_11' title='bbox 559 680 656 741; x_wconf 86' lang='lat' dir='ltr'><strong>his</strong></span> <span class='ocrx_word' id='word_1_12' title='bbox 721 680 906 759; x_wconf 75' lang='lat' dir='ltr'><strong>igitur</strong></span> <span class='ocrx_word' id='word_1_13' title='bbox 961 701 1086 742; x_wconf 91' lang='lat' dir='ltr'><strong>non</strong></span> <span class='ocrx_word' id='word_1_14' title='bbox 1155 692 1246 744; x_wconf 62' lang='lat' dir='ltr'><strong>est</strong></span> <span class='ocrx_word' id='word_1_15' title='bbox 1305 684 1474 745; x_wconf 87' lang='lat' dir='ltr'><strong>locus</strong></span> <span class='ocrx_word' id='word_1_16' title='bbox 1535 683 1967 763; x_wconf 54' lang='lat' dir='ltr'><strong>poenitentiam</strong></span> <span class='ocrx_word' id='word_1_17' title='bbox 2042 703 2077 744; x_wconf 83' lang='lat' dir='ltr'><strong>a</strong></span> <span class='ocrx_word' id='word_1_18' title='bbox 2136 682 2535 761; x_wconf 75' lang='lat' dir='ltr'><strong>negotiatione</strong></span> <span class='ocrx_word' id='word_1_19' title='bbox 2587 680 2753 741; x_wconf 86' lang='lat' dir='ltr'><strong>enim</strong></span> 
     </span>
     <span class='ocr_line' id='line_1_4' title="bbox 560 784 2753 862; baseline -0.001 -19"><span class='ocrx_word' id='word_1_20' title='bbox 560 802 670 844; x_wconf 79' lang='lat' dir='ltr'><strong>sua</strong></span> <span class='ocrx_word' id='word_1_21' title='bbox 733 784 992 844; x_wconf 76' lang='lat' dir='ltr'><strong>nefanda</strong></span> <span class='ocrx_word' id='word_1_22' title='bbox 1043 785 1112 845; x_wconf 84' lang='lat' dir='ltr'><strong>in</strong></span> <span class='ocrx_word' id='word_1_23' title='bbox 1167 785 1482 847; x_wconf 55' lang='lat' dir='ltr'><strong>&amp;mmmm</strong></span> <span class='ocrx_word' id='word_1_24' title='bbox 1528 785 1715 847; x_wconf 85' lang='lat' dir='ltr'><strong>locuti</strong></span> <span class='ocrx_word' id='word_1_25' title='bbox 1770 794 1915 846; x_wconf 90' lang='lat' dir='ltr'><strong>sunt</strong></span> <span class='ocrx_word' id='word_1_26' title='bbox 1969 794 2030 847; x_wconf 88' lang='lat' dir='ltr'><strong>et</strong></span> <span class='ocrx_word' id='word_1_27' title='bbox 2085 804 2221 847; x_wconf 88' lang='lat' dir='ltr'><strong>eum</strong></span> <span class='ocrx_word' id='word_1_28' title='bbox 2288 784 2753 862; x_wconf 81' lang='lat' dir='ltr'><strong>abnegaverunt.</strong></span> 
     </span>
     <span class='ocr_line' id='line_1_5' title="bbox 561 884 2754 967; baseline -0.001 -21"><span class='ocrx_word' id='word_1_29' title='bbox 561 895 808 965; x_wconf 88' lang='lat' dir='ltr'><strong>propter</strong></span> <span class='ocrx_word' id='word_1_30' title='bbox 857 888 1014 947; x_wconf 79' lang='lat' dir='ltr'><strong>hanc</strong></span> <span class='ocrx_word' id='word_1_31' title='bbox 1068 887 1252 965; x_wconf 88' lang='lat' dir='ltr'><strong>igitur</strong></span> <span class='ocrx_word' id='word_1_32' title='bbox 1308 884 1633 967; x_wconf 78' lang='lat' dir='ltr'><strong>nequitiam</strong></span> <span class='ocrx_word' id='word_1_33' title='bbox 1668 888 2006 949; x_wconf 69' lang='lat' dir='ltr'><strong>amismt</strong></span> <span class='ocrx_word' id='word_1_34' title='bbox 2032 888 2231 949; x_wconf 58' lang='lat' dir='ltr'><strong>itam.</strong></span> <span class='ocrx_word' id='word_1_35' title='bbox 2276 887 2449 947; x_wconf 89' lang='lat' dir='ltr'><strong>multi</strong></span> <span class='ocrx_word' id='word_1_36' title='bbox 2490 904 2633 946; x_wconf 84' lang='lat' dir='ltr'><strong>vero</strong></span> <span class='ocrx_word' id='word_1_37' title='bbox 2676 902 2754 944; x_wconf 87' lang='lat' dir='ltr'><strong>ex</strong></span> 
     </span>
     <span class='ocr_line' id='line_1_6' title="bbox 501 982 2757 1067; baseline 0.002 -23"><span class='ocrx_word' id='word_1_38' title='bbox 501 982 656 1049; x_wconf 83' lang='lat' dir='ltr'><strong>511is</strong></span> <span class='ocrx_word' id='word_1_39' title='bbox 697 988 939 1052; x_wconf 79' lang='lat' dir='ltr'><strong>dubiam</strong></span> <span class='ocrx_word' id='word_1_40' title='bbox 991 998 1255 1051; x_wconf 83' lang='lat' dir='ltr'><strong>mentem</strong></span> <span class='ocrx_word' id='word_1_41' title='bbox 1293 990 1639 1052; x_wconf 87' lang='lat' dir='ltr'><strong>induerunt.</strong></span> <span class='ocrx_word' id='word_1_42' title='bbox 1684 990 1879 1052; x_wconf 76' lang='lat' dir='ltr'><strong>adhuc</strong></span> <span class='ocrx_word' id='word_1_43' title='bbox 1920 1001 1980 1052; x_wconf 85' lang='lat' dir='ltr'><strong>et</strong></span> <span class='ocrx_word' id='word_1_44' title='bbox 2018 991 2110 1051; x_wconf 87' lang='lat' dir='ltr'><strong>his</strong></span> <span class='ocrx_word' id='word_1_45' title='bbox 2152 1000 2243 1052; x_wconf 83' lang='lat' dir='ltr'><strong>est</strong></span> <span class='ocrx_word' id='word_1_46' title='bbox 2284 1004 2623 1067; x_wconf 60' lang='lat' dir='ltr'><strong>regm</strong></span> <span class='ocrx_word' id='word_1_47' title='bbox 2648 987 2757 1067; x_wconf 64' lang='lat' dir='ltr'><strong>qui</strong></span> 
     </span>
     <span class='ocr_line' id='line_1_7' title="bbox 559 1075 2757 1173; baseline -0.001 -22"><span class='ocrx_word' id='word_1_48' title='bbox 559 1090 610 1151; x_wconf 80' lang='lat' dir='ltr'><strong>si</strong></span> <span class='ocrx_word' id='word_1_49' title='bbox 665 1091 782 1152; x_wconf 87' lang='lat' dir='ltr'><strong>cito</strong></span> <span class='ocrx_word' id='word_1_50' title='bbox 839 1092 1070 1171; x_wconf 80' lang='lat' dir='ltr'><strong>egerint</strong></span> <span class='ocrx_word' id='word_1_51' title='bbox 1125 1092 1551 1171; x_wconf 82' lang='lat' dir='ltr'><strong>poenitentiam</strong></span> <span class='ocrx_word' id='word_1_52' title='bbox 1567 1139 1586 1173; x_wconf 85' lang='lat'>,</span> <span class='ocrx_word' id='word_1_53' title='bbox 1648 1094 1713 1154; x_wconf 91' lang='lat' dir='ltr'><strong>in</strong></span> <span class='ocrx_word' id='word_1_54' title='bbox 1771 1094 1987 1153; x_wconf 87' lang='lat' dir='ltr'><strong>turrim</strong></span> <span class='ocrx_word' id='word_1_55' title='bbox 2046 1094 2248 1154; x_wconf 86' lang='lat' dir='ltr'><strong>sedem</strong></span> <span class='ocrx_word' id='word_1_56' title='bbox 2290 1075 2601 1153; x_wconf 77' lang='lat' dir='ltr'><strong>habebunt</strong></span> <span class='ocrx_word' id='word_1_57' title='bbox 2610 1108 2629 1163; x_wconf 83' lang='lat'>3</span> <span class='ocrx_word' id='word_1_58' title='bbox 2700 1088 2757 1148; x_wconf 90' lang='lat' dir='ltr'><strong>si</strong></span> 
     </span>
     <span class='ocr_line' id='line_1_8' title="bbox 557 1187 2755 1273; baseline -0.001 -19"><span class='ocrx_word' id='word_1_59' title='bbox 557 1187 700 1254; x_wconf 74' lang='lat' dir='ltr'><strong>vero</strong></span> <span class='ocrx_word' id='word_1_60' title='bbox 742 1196 970 1255; x_wconf 82' lang='lat' dir='ltr'><strong>tardius</strong></span> <span class='ocrx_word' id='word_1_61' title='bbox 1013 1195 1279 1273; x_wconf 83' lang='lat' dir='ltr'><strong>egerint,</strong></span> <span class='ocrx_word' id='word_1_62' title='bbox 1320 1196 1384 1255; x_wconf 90' lang='lat' dir='ltr'><strong>in</strong></span> <span class='ocrx_word' id='word_1_63' title='bbox 1427 1196 1616 1258; x_wconf 87' lang='lat' dir='ltr'><strong>muris</strong></span> <span class='ocrx_word' id='word_1_64' title='bbox 1658 1196 2041 1270; x_wconf 72' lang='lat' dir='ltr'><strong>habitabunt3</strong></span> <span class='ocrx_word' id='word_1_65' title='bbox 2106 1196 2157 1256; x_wconf 91' lang='lat' dir='ltr'><strong>si</strong></span> <span class='ocrx_word' id='word_1_66' title='bbox 2202 1204 2399 1257; x_wconf 78' lang='lat' dir='ltr'><strong>autem</strong></span> <span class='ocrx_word' id='word_1_67' title='bbox 2446 1211 2568 1253; x_wconf 86' lang='lat' dir='ltr'><strong>non</strong></span> <span class='ocrx_word' id='word_1_68' title='bbox 2614 1210 2755 1269; x_wconf 89' lang='lat' dir='ltr'><strong>ege-</strong></span> 
     </span>
     <span class='ocr_line' id='line_1_9' title="bbox 557 1295 2757 1377; baseline -0.001 -21"><span class='ocrx_word' id='word_1_69' title='bbox 557 1296 678 1357; x_wconf 84' lang='lat' dir='ltr'><strong>rint</strong></span> <span class='ocrx_word' id='word_1_70' title='bbox 753 1296 1176 1375; x_wconf 78' lang='lat' dir='ltr'><strong>poenitentiam</strong></span> <span class='ocrx_word' id='word_1_71' title='bbox 1195 1344 1213 1371; x_wconf 90' lang='lat'>‚</span> <span class='ocrx_word' id='word_1_72' title='bbox 1280 1307 1536 1359; x_wconf 88' lang='lat' dir='ltr'><strong>mortem</strong></span> <span class='ocrx_word' id='word_1_73' title='bbox 1598 1299 1709 1360; x_wconf 88' lang='lat' dir='ltr'><strong>sibi</strong></span> <span class='ocrx_word' id='word_1_74' title='bbox 1762 1299 2092 1377; x_wconf 82' lang='lat' dir='ltr'><strong>acquirent.</strong></span> <span class='ocrx_word' id='word_1_75' title='bbox 2165 1307 2227 1359; x_wconf 76' lang='lat' dir='ltr'><strong>at</strong></span> <span class='ocrx_word' id='word_1_76' title='bbox 2277 1298 2371 1371; x_wconf 87' lang='lat' dir='ltr'><strong>hi,</strong></span> <span class='ocrx_word' id='word_1_77' title='bbox 2443 1295 2545 1374; x_wconf 91' lang='lat' dir='ltr'><strong>qui</strong></span> <span class='ocrx_word' id='word_1_78' title='bbox 2599 1295 2757 1355; x_wconf 76' lang='lat' dir='ltr'><strong>duas</strong></span> 
     </span>
     <span class='ocr_line' id='line_1_10' title="bbox 559 1398 2755 1479; baseline -0.002 -19"><span class='ocrx_word' id='word_1_79' title='bbox 559 1411 761 1479; x_wconf 79' lang='lat' dir='ltr'><strong>partes</strong></span> <span class='ocrx_word' id='word_1_80' title='bbox 815 1398 1116 1478; x_wconf 81' lang='lat' dir='ltr'><strong>virgarum</strong></span> <span class='ocrx_word' id='word_1_81' title='bbox 1176 1418 1420 1461; x_wconf 81' lang='lat' dir='ltr'><strong>suarum</strong></span> <span class='ocrx_word' id='word_1_82' title='bbox 1475 1402 1691 1463; x_wconf 71' lang='lat' dir='ltr'><strong>viridoe</strong></span> <span class='ocrx_word' id='word_1_83' title='bbox 1748 1402 2088 1463; x_wconf 82' lang='lat' dir='ltr'><strong>habuerunt</strong></span> <span class='ocrx_word' id='word_1_84' title='bbox 2130 1409 2188 1462; x_wconf 84' lang='lat' dir='ltr'><strong>et</strong></span> <span class='ocrx_word' id='word_1_85' title='bbox 2228 1399 2458 1461; x_wconf 77' lang='lat' dir='ltr'><strong>tertiam</strong></span> <span class='ocrx_word' id='word_1_86' title='bbox 2502 1398 2755 1476; x_wconf 82' lang='lat' dir='ltr'><strong>aridam,</strong></span> 
     </span>
     <span class='ocr_line' id='line_1_11' title="bbox 462 1490 2756 1583; baseline 0 -22"><span class='ocrx_word' id='word_1_87' title='bbox 462 1490 546 1555; x_wconf 84' lang='lat'><strong>10</strong></span> <span class='ocrx_word' id='word_1_88' title='bbox 565 1500 972 1580; x_wconf 78' lang='lat' dir='ltr'><strong>compluribus</strong></span> <span class='ocrx_word' id='word_1_89' title='bbox 1033 1502 1351 1581; x_wconf 86' lang='lat' dir='ltr'><strong>generibus</strong></span> <span class='ocrx_word' id='word_1_90' title='bbox 1407 1504 1648 1565; x_wconf 78' lang='lat' dir='ltr'><strong>inficiati</strong></span> <span class='ocrx_word' id='word_1_91' title='bbox 1705 1514 2073 1583; x_wconf 80' lang='lat' dir='ltr'><strong>negaverunt</strong></span> <span class='ocrx_word' id='word_1_92' title='bbox 2130 1502 2463 1563; x_wconf 88' lang='lat' dir='ltr'><strong>dominum.</strong></span> <span class='ocrx_word' id='word_1_93' title='bbox 2532 1519 2606 1561; x_wconf 80' lang='lat' dir='ltr'><strong>ex</strong></span> <span class='ocrx_word' id='word_1_94' title='bbox 2660 1500 2756 1561; x_wconf 87' lang='lat' dir='ltr'><strong>his</strong></span> 
     </span>
     <span class='ocr_line' id='line_1_12' title="bbox 560 1602 2755 1684; baseline 0 -21"><span class='ocrx_word' id='word_1_95' title='bbox 560 1603 744 1683; x_wconf 89' lang='lat' dir='ltr'><strong>igitur</strong></span> <span class='ocrx_word' id='word_1_96' title='bbox 794 1602 964 1664; x_wconf 78' lang='lat' dir='ltr'><strong>multi</strong></span> <span class='ocrx_word' id='word_1_97' title='bbox 1021 1614 1274 1681; x_wconf 89' lang='lat' dir='ltr'><strong>egerunt</strong></span> <span class='ocrx_word' id='word_1_98' title='bbox 1327 1606 1749 1683; x_wconf 80' lang='lat' dir='ltr'><strong>poenitentiam</strong></span> <span class='ocrx_word' id='word_1_99' title='bbox 1790 1616 1969 1684; x_wconf 77' lang='lat' dir='ltr'><strong>atque</strong></span> <span class='ocrx_word' id='word_1_100' title='bbox 2009 1606 2071 1666; x_wconf 90' lang='lat' dir='ltr'><strong>in</strong></span> <span class='ocrx_word' id='word_1_101' title='bbox 2114 1606 2266 1666; x_wconf 87' lang='lat' dir='ltr'><strong>turri</strong></span> <span class='ocrx_word' id='word_1_102' title='bbox 2307 1605 2571 1666; x_wconf 72' lang='lat' dir='ltr'><strong>habitare</strong></span> <span class='ocrx_word' id='word_1_103' title='bbox 2612 1622 2755 1663; x_wconf 88' lang='lat' dir='ltr'><strong>coe—</strong></span> 
     </span>
     <span class='ocr_line' id='line_1_13' title="bbox 563 1705 2755 1788; baseline -0.001 -22"><span class='ocrx_word' id='word_1_104' title='bbox 563 1715 800 1784; x_wconf 89' lang='lat' dir='ltr'><strong>perunt.</strong></span> <span class='ocrx_word' id='word_1_105' title='bbox 859 1715 920 1767; x_wconf 93' lang='lat' dir='ltr'><strong>et</strong></span> <span class='ocrx_word' id='word_1_106' title='bbox 974 1707 1148 1767; x_wconf 88' lang='lat' dir='ltr'><strong>multi</strong></span> <span class='ocrx_word' id='word_1_107' title='bbox 1189 1726 1222 1768; x_wconf 83' lang='lat' dir='ltr'><strong>a</strong></span> <span class='ocrx_word' id='word_1_108' title='bbox 1265 1708 1376 1769; x_wconf 90' lang='lat' dir='ltr'><strong>deo</strong></span> <span class='ocrx_word' id='word_1_109' title='bbox 1420 1710 1482 1770; x_wconf 89' lang='lat' dir='ltr'><strong>in</strong></span> <span class='ocrx_word' id='word_1_110' title='bbox 1521 1722 1878 1788; x_wconf 85' lang='lat' dir='ltr'><strong>perpetuum</strong></span> <span class='ocrx_word' id='word_1_111' title='bbox 1911 1717 2317 1769; x_wconf 75' lang='lat' dir='ltr'><strong>recesserunt.</strong></span> <span class='ocrx_word' id='word_1_112' title='bbox 2359 1707 2421 1767; x_wconf 91' lang='lat' dir='ltr'><strong>hi</strong></span> <span class='ocrx_word' id='word_1_113' title='bbox 2460 1706 2643 1785; x_wconf 89' lang='lat' dir='ltr'><strong>igitur</strong></span> <span class='ocrx_word' id='word_1_114' title='bbox 2686 1705 2755 1765; x_wconf 90' lang='lat' dir='ltr'><strong>in</strong></span> 
     </span>
     <span class='ocr_line' id='line_1_14' title="bbox 561 1809 2757 1889; baseline -0 -20"><span class='ocrx_word' id='word_1_115' title='bbox 561 1817 756 1869; x_wconf 85' lang='lat' dir='ltr'><strong>totum</strong></span> <span class='ocrx_word' id='word_1_116' title='bbox 828 1809 1154 1871; x_wconf 77' lang='lat' dir='ltr'><strong>amiserunt</strong></span> <span class='ocrx_word' id='word_1_117' title='bbox 1221 1811 1421 1871; x_wconf 75' lang='lat' dir='ltr'><strong>vitam.</strong></span> <span class='ocrx_word' id='word_1_118' title='bbox 1487 1812 1726 1889; x_wconf 83' lang='lat' dir='ltr'><strong>quidam</strong></span> <span class='ocrx_word' id='word_1_119' title='bbox 1782 1830 1921 1873; x_wconf 83' lang='lat' dir='ltr'><strong>vero</strong></span> <span class='ocrx_word' id='word_1_120' title='bbox 1978 1811 2153 1871; x_wconf 82' lang='lat' dir='ltr'><strong>dubia</strong></span> <span class='ocrx_word' id='word_1_121' title='bbox 2209 1820 2407 1871; x_wconf 90' lang='lat' dir='ltr'><strong>mente</strong></span> <span class='ocrx_word' id='word_1_122' title='bbox 2462 1816 2757 1886; x_wconf 79' lang='lat' dir='ltr'><strong>concepta</strong></span> 
     </span>
     <span class='ocr_line' id='line_1_15' title="bbox 564 1910 2755 1991; baseline -0.001 -19"><span class='ocrx_word' id='word_1_123' title='bbox 564 1910 960 1972; x_wconf 80' lang='lat' dir='ltr'><strong>dissensiones</strong></span> <span class='ocrx_word' id='word_1_124' title='bbox 1031 1912 1500 1976; x_wconf 79' lang='lat' dir='ltr'><strong>concitaverunt.</strong></span> <span class='ocrx_word' id='word_1_125' title='bbox 1576 1914 1669 1974; x_wconf 87' lang='lat' dir='ltr'><strong>his</strong></span> <span class='ocrx_word' id='word_1_126' title='bbox 1723 1915 1916 1975; x_wconf 82' lang='lat' dir='ltr'><strong>adhuc</strong></span> <span class='ocrx_word' id='word_1_127' title='bbox 1971 1932 2277 1991; x_wconf 87' lang='lat' dir='ltr'><strong>regressus</strong></span> <span class='ocrx_word' id='word_1_128' title='bbox 2334 1921 2425 1973; x_wconf 87' lang='lat' dir='ltr'><strong>est</strong></span> <span class='ocrx_word' id='word_1_129' title='bbox 2442 1958 2459 1984; x_wconf 84' lang='lat'>‚</span> <span class='ocrx_word' id='word_1_130' title='bbox 2527 1911 2577 1971; x_wconf 86' lang='lat' dir='ltr'><strong>si</strong></span> <span class='ocrx_word' id='word_1_131' title='bbox 2634 1910 2755 1971; x_wconf 86' lang='lat' dir='ltr'><strong>cito</strong></span> 
     </span>
     <span class='ocr_line' id='line_1_16' title="bbox 465 2006 2756 2096; baseline 0 -25"><span class='ocrx_word' id='word_1_132' title='bbox 465 2006 549 2071; x_wconf 78' lang='lat'><strong>15</strong></span> <span class='ocrx_word' id='word_1_133' title='bbox 565 2013 796 2091; x_wconf 85' lang='lat' dir='ltr'><strong>egerint</strong></span> <span class='ocrx_word' id='word_1_134' title='bbox 847 2014 1269 2092; x_wconf 76' lang='lat' dir='ltr'><strong>poenitentiam</strong></span> <span class='ocrx_word' id='word_1_135' title='bbox 1309 2036 1423 2077; x_wconf 92' lang='lat' dir='ltr'><strong>nec</strong></span> <span class='ocrx_word' id='word_1_136' title='bbox 1461 2016 1527 2078; x_wconf 92' lang='lat' dir='ltr'><strong>in</strong></span> <span class='ocrx_word' id='word_1_137' title='bbox 1571 2016 1971 2096; x_wconf 76' lang='lat' dir='ltr'><strong>¹voluptatibus</strong></span> <span class='ocrx_word' id='word_1_138' title='bbox 2004 2017 2129 2077; x_wconf 89' lang='lat' dir='ltr'><strong>suis</strong></span> <span class='ocrx_word' id='word_1_139' title='bbox 2169 2014 2451 2076; x_wconf 82' lang='lat' dir='ltr'><strong>remorati</strong></span> <span class='ocrx_word' id='word_1_140' title='bbox 2496 2012 2756 2074; x_wconf 85' lang='lat' dir='ltr'><strong>fuerint:</strong></span> 
     </span>
     <span class='ocr_line' id='line_1_17' title="bbox 566 2115 2757 2196; baseline -0.001 -20"><span class='ocrx_word' id='word_1_141' title='bbox 566 2115 617 2176; x_wconf 90' lang='lat' dir='ltr'><strong>si</strong></span> <span class='ocrx_word' id='word_1_142' title='bbox 672 2125 870 2177; x_wconf 84' lang='lat' dir='ltr'><strong>autem</strong></span> <span class='ocrx_word' id='word_1_143' title='bbox 925 2118 1366 2196; x_wconf 84' lang='lat' dir='ltr'><strong>permanserint</strong></span> <span class='ocrx_word' id='word_1_144' title='bbox 1418 2119 1482 2179; x_wconf 90' lang='lat' dir='ltr'><strong>in</strong></span> <span class='ocrx_word' id='word_1_145' title='bbox 1539 2119 1705 2181; x_wconf 84' lang='lat' dir='ltr'><strong>factis</strong></span> <span class='ocrx_word' id='word_1_146' title='bbox 1744 2120 1867 2181; x_wconf 89' lang='lat' dir='ltr'><strong>suis</strong></span> <span class='ocrx_word' id='word_1_147' title='bbox 1883 2167 1901 2194; x_wconf 90' lang='lat'>‚</span> <span class='ocrx_word' id='word_1_148' title='bbox 1966 2128 2222 2181; x_wconf 84' lang='lat' dir='ltr'><strong>mortem</strong></span> <span class='ocrx_word' id='word_1_149' title='bbox 2264 2117 2374 2179; x_wconf 87' lang='lat' dir='ltr'><strong>sibi</strong></span> <span class='ocrx_word' id='word_1_150' title='bbox 2414 2115 2757 2195; x_wconf 80' lang='lat' dir='ltr'><strong>acquirunt.</strong></span> 
     </span>
    </p>
   </div>
   <div class='ocr_carea' id='block_1_3' title="bbox 563 2286 976 2297">
    <p class='ocr_par' dir='ltr' id='par_1_3' title="bbox 563 2286 976 2297">
     <span class='ocr_line' id='line_1_18' title="bbox 563 2286 976 2297; baseline 0 2783"><span class='ocrx_word' id='word_1_151' title='bbox 563 2286 976 2297; x_wconf 95' lang='lat' dir='ltr'><strong> </strong></span> 
     </span>
    </p>
   </div>
   <div class='ocr_carea' id='block_1_4' title="bbox 560 2368 2763 3896">
    <p class='ocr_par' dir='ltr' id='par_1_4' title="bbox 560 2368 2763 3896">
     <span class='ocr_line' id='line_1_19' title="bbox 564 2368 2759 2441; baseline -0.003 -18"><span class='ocrx_word' id='word_1_152' title='bbox 564 2370 701 2424; x_wconf 85' lang='lat' dir='ltr'><strong>meis</strong></span> <span class='ocrx_word' id='word_1_153' title='bbox 753 2370 955 2425; x_wconf 85' lang='lat' dir='ltr'><strong>auditis</strong></span> <span class='ocrx_word' id='word_1_154' title='bbox 1007 2387 1056 2427; x_wconf 84' lang='lat' dir='ltr'><strong>c.</strong></span> <span class='ocrx_word' id='word_1_155' title='bbox 1108 2369 1177 2427; x_wconf 99' lang='lat' dir='ltr'><strong>D.</strong></span> <span class='ocrx_word' id='word_1_156' title='bbox 1231 2370 1356 2427; x_wconf 83' lang='lat' dir='ltr'><strong>Vat.</strong></span> <span class='ocrx_word' id='word_1_157' title='bbox 1372 2413 1387 2437; x_wconf 91' lang='lat'>‚</span> <span class='ocrx_word' id='word_1_158' title='bbox 1442 2370 1645 2426; x_wconf 84' lang='lat' dir='ltr'><strong>auditis</strong></span> <span class='ocrx_word' id='word_1_159' title='bbox 1700 2370 1968 2428; x_wconf 82' lang='lat' dir='ltr'><strong>mandatis</strong></span> <span class='ocrx_word' id='word_1_160' title='bbox 2019 2372 2105 2427; x_wconf 85' lang='lat' dir='ltr'><strong>ed.</strong></span> <span class='ocrx_word' id='word_1_161' title='bbox 2156 2386 2238 2441; x_wconf 88' lang='lat' dir='ltr'><strong>pr.</strong></span> <span class='ocrx_word' id='word_1_162' title='bbox 2292 2386 2340 2423; x_wconf 85' lang='lat' dir='ltr'><strong>v.</strong></span> <span class='ocrx_word' id='word_1_163' title='bbox 2391 2396 2447 2413; x_wconf 86' lang='lat'><strong>--</strong></span> <span class='ocrx_word' id='word_1_164' title='bbox 2528 2368 2759 2435; x_wconf 86' lang='lat' dir='ltr'><strong>egerunt</strong></span> 
     </span>
     <span class='ocr_line' id='line_1_20' title="bbox 560 2454 2759 2525; baseline -0.002 -16"><span class='ocrx_word' id='word_1_165' title='bbox 560 2454 950 2524; x_wconf 84' lang='lat' dir='ltr'><strong>poenitentiam</strong></span> <span class='ocrx_word' id='word_1_166' title='bbox 1006 2473 1052 2512; x_wconf 85' lang='lat' dir='ltr'><strong>c.</strong></span> <span class='ocrx_word' id='word_1_167' title='bbox 1110 2457 1232 2511; x_wconf 76' lang='lat' dir='ltr'><strong>Vat.</strong></span> <span class='ocrx_word' id='word_1_168' title='bbox 1285 2456 1369 2512; x_wconf 84' lang='lat' dir='ltr'><strong>ed.</strong></span> <span class='ocrx_word' id='word_1_169' title='bbox 1415 2474 1495 2525; x_wconf 86' lang='lat' dir='ltr'><strong>pr.</strong></span> <span class='ocrx_word' id='word_1_170' title='bbox 1548 2476 1596 2512; x_wconf 81' lang='lat' dir='ltr'><strong>v.</strong></span> <span class='ocrx_word' id='word_1_171' title='bbox 1609 2498 1624 2523; x_wconf 91' lang='lat'><strong><em>‚</em></strong></span> <span class='ocrx_word' id='word_1_172' title='bbox 1684 2457 2071 2525; x_wconf 86' lang='lat' dir='ltr'><strong>poenitentiam</strong></span> <span class='ocrx_word' id='word_1_173' title='bbox 2122 2463 2349 2525; x_wconf 87' lang='lat' dir='ltr'><strong>egerunt</strong></span> <span class='ocrx_word' id='word_1_174' title='bbox 2392 2454 2459 2508; x_wconf 88' lang='lat' dir='ltr'><strong>D.</strong></span> <span class='ocrx_word' id='word_1_175' title='bbox 2512 2479 2581 2491; x_wconf 92' lang='lat'>—</span> <span class='ocrx_word' id='word_1_176' title='bbox 2636 2457 2759 2504; x_wconf 85' lang='lat' dir='ltr'><strong>tur-</strong></span> 
     </span>
     <span class='ocr_line' id='line_1_21' title="bbox 563 2536 2753 2612; baseline -0.003 -16"><span class='ocrx_word' id='word_1_177' title='bbox 563 2540 668 2596; x_wconf 88' lang='lat' dir='ltr'><strong>rim</strong></span> <span class='ocrx_word' id='word_1_178' title='bbox 724 2558 772 2597; x_wconf 88' lang='lat' dir='ltr'><strong>c.</strong></span> <span class='ocrx_word' id='word_1_179' title='bbox 823 2543 920 2609; x_wconf 87' lang='lat' dir='ltr'><strong>D.,</strong></span> <span class='ocrx_word' id='word_1_180' title='bbox 971 2543 1146 2597; x_wconf 89' lang='lat' dir='ltr'><strong>turrin</strong></span> <span class='ocrx_word' id='word_1_181' title='bbox 1194 2544 1344 2610; x_wconf 78' lang='lat' dir='ltr'><strong>Vat,</strong></span> <span class='ocrx_word' id='word_1_182' title='bbox 1397 2543 1536 2598; x_wconf 86' lang='lat' dir='ltr'><strong>turri</strong></span> <span class='ocrx_word' id='word_1_183' title='bbox 1588 2543 1669 2598; x_wconf 87' lang='lat' dir='ltr'><strong>ed.</strong></span> <span class='ocrx_word' id='word_1_184' title='bbox 1709 2560 1793 2612; x_wconf 91' lang='lat' dir='ltr'><strong>pr.</strong></span> <span class='ocrx_word' id='word_1_185' title='bbox 1842 2561 1889 2598; x_wconf 81' lang='lat' dir='ltr'><strong>v.</strong></span> <span class='ocrx_word' id='word_1_186' title='bbox 1938 2573 2000 2583; x_wconf 94' lang='lat'>—</span> <span class='ocrx_word' id='word_1_187' title='bbox 2080 2549 2126 2599; x_wconf 89' lang='lat'><strong>1.</strong></span> <span class='ocrx_word' id='word_1_188' title='bbox 2171 2543 2496 2596; x_wconf 85' lang='lat' dir='ltr'><strong>destiterunt</strong></span> <span class='ocrx_word' id='word_1_189' title='bbox 2537 2553 2581 2592; x_wconf 88' lang='lat' dir='ltr'><strong>c.</strong></span> <span class='ocrx_word' id='word_1_190' title='bbox 2626 2536 2753 2591; x_wconf 76' lang='lat' dir='ltr'><strong>Vat-</strong></span> 
     </span>
     <span class='ocr_line' id='line_1_22' title="bbox 563 2627 2758 2700; baseline -0.004 -16"><span class='ocrx_word' id='word_1_191' title='bbox 563 2627 651 2684; x_wconf 83' lang='lat' dir='ltr'><strong>ed.</strong></span> <span class='ocrx_word' id='word_1_192' title='bbox 701 2645 780 2698; x_wconf 85' lang='lat' dir='ltr'><strong>pr.</strong></span> <span class='ocrx_word' id='word_1_193' title='bbox 833 2646 883 2684; x_wconf 86' lang='lat' dir='ltr'><strong>v.</strong></span> <span class='ocrx_word' id='word_1_194' title='bbox 897 2669 913 2693; x_wconf 90' lang='lat'>‚</span> <span class='ocrx_word' id='word_1_195' title='bbox 965 2629 1329 2684; x_wconf 86' lang='lat' dir='ltr'><strong>destituerunt</strong></span> <span class='ocrx_word' id='word_1_196' title='bbox 1380 2633 1442 2684; x_wconf 91' lang='lat' dir='ltr'><strong>D.</strong></span> <span class='ocrx_word' id='word_1_197' title='bbox 1491 2660 1561 2671; x_wconf 92' lang='lat'>—</span> <span class='ocrx_word' id='word_1_198' title='bbox 1648 2633 1697 2684; x_wconf 82' lang='lat'><strong>2.</strong></span> <span class='ocrx_word' id='word_1_199' title='bbox 1745 2633 1793 2683; x_wconf 79' lang='lat'><strong>3.</strong></span> <span class='ocrx_word' id='word_1_200' title='bbox 1850 2645 1887 2685; x_wconf 87' lang='lat' dir='ltr'><strong>a</strong></span> <span class='ocrx_word' id='word_1_201' title='bbox 1936 2629 2299 2698; x_wconf 80' lang='lat' dir='ltr'><strong>negotiatione</strong></span> <span class='ocrx_word' id='word_1_202' title='bbox 2356 2627 2500 2682; x_wconf 87' lang='lat' dir='ltr'><strong>enim</strong></span> <span class='ocrx_word' id='word_1_203' title='bbox 2552 2639 2661 2700; x_wconf 76' lang='lat' dir='ltr'><strong>sua</strong></span> <span class='ocrx_word' id='word_1_204' title='bbox 2710 2637 2758 2676; x_wconf 89' lang='lat' dir='ltr'><strong>c.</strong></span> 
     </span>
     <span class='ocr_line' id='line_1_23' title="bbox 569 2707 2755 2784; baseline -0.003 -16"><span class='ocrx_word' id='word_1_205' title='bbox 569 2715 691 2770; x_wconf 83' lang='lat' dir='ltr'><strong>Vat.</strong></span> <span class='ocrx_word' id='word_1_206' title='bbox 734 2714 822 2772; x_wconf 87' lang='lat' dir='ltr'><strong>ed.</strong></span> <span class='ocrx_word' id='word_1_207' title='bbox 855 2730 935 2784; x_wconf 90' lang='lat' dir='ltr'><strong>pr.</strong></span> <span class='ocrx_word' id='word_1_208' title='bbox 969 2732 1017 2770; x_wconf 86' lang='lat' dir='ltr'><strong>v.</strong></span> <span class='ocrx_word' id='word_1_209' title='bbox 1031 2753 1046 2780; x_wconf 88' lang='lat'>‚</span> <span class='ocrx_word' id='word_1_210' title='bbox 1104 2715 1303 2768; x_wconf 85' lang='lat' dir='ltr'><strong>etenim</strong></span> <span class='ocrx_word' id='word_1_211' title='bbox 1347 2730 1384 2770; x_wconf 78' lang='lat' dir='ltr'><strong>a</strong></span> <span class='ocrx_word' id='word_1_212' title='bbox 1426 2715 1796 2784; x_wconf 81' lang='lat' dir='ltr'><strong>negociatione</strong></span> <span class='ocrx_word' id='word_1_213' title='bbox 1830 2730 1932 2769; x_wconf 79' lang='lat' dir='ltr'><strong>sua</strong></span> <span class='ocrx_word' id='word_1_214' title='bbox 1963 2713 2030 2770; x_wconf 88' lang='lat' dir='ltr'><strong>D.</strong></span> <span class='ocrx_word' id='word_1_215' title='bbox 2062 2732 2133 2754; x_wconf 54' lang='grc' dir='ltr'><strong>ε·-</strong></span> <span class='ocrx_word' id='word_1_216' title='bbox 2200 2715 2249 2768; x_wconf 76' lang='grc'><strong>3.</strong></span> <span class='ocrx_word' id='word_1_217' title='bbox 2282 2711 2519 2766; x_wconf 80' lang='lat' dir='ltr'><strong>nefanda</strong></span> <span class='ocrx_word' id='word_1_218' title='bbox 2550 2709 2613 2762; x_wconf 88' lang='lat' dir='ltr'><strong>in</strong></span> <span class='ocrx_word' id='word_1_219' title='bbox 2659 2707 2755 2762; x_wconf 86' lang='lat' dir='ltr'><strong>do-</strong></span> 
     </span>
     <span class='ocr_line' id='line_1_24' title="bbox 563 2797 2755 2869; baseline -0.002 -15"><span class='ocrx_word' id='word_1_220' title='bbox 563 2799 769 2854; x_wconf 89' lang='lat' dir='ltr'><strong>minum</strong></span> <span class='ocrx_word' id='word_1_221' title='bbox 825 2815 872 2855; x_wconf 88' lang='lat' dir='ltr'><strong>c.</strong></span> <span class='ocrx_word' id='word_1_222' title='bbox 931 2801 1000 2856; x_wconf 89' lang='lat' dir='ltr'><strong>D.</strong></span> <span class='ocrx_word' id='word_1_223' title='bbox 1060 2800 1146 2855; x_wconf 86' lang='lat' dir='ltr'><strong>ed.</strong></span> <span class='ocrx_word' id='word_1_224' title='bbox 1203 2817 1284 2869; x_wconf 86' lang='lat' dir='ltr'><strong>pr.</strong></span> <span class='ocrx_word' id='word_1_225' title='bbox 1346 2801 1581 2869; x_wconf 87' lang='lat' dir='ltr'><strong>(deum)</strong></span> <span class='ocrx_word' id='word_1_226' title='bbox 1638 2819 1715 2866; x_wconf 74' lang='lat' dir='ltr'><strong>v..</strong></span> <span class='ocrx_word' id='word_1_227' title='bbox 1775 2801 1834 2856; x_wconf 92' lang='lat' dir='ltr'><strong>in</strong></span> <span class='ocrx_word' id='word_1_228' title='bbox 1896 2799 2169 2856; x_wconf 88' lang='lat' dir='ltr'><strong>dominum</strong></span> <span class='ocrx_word' id='word_1_229' title='bbox 2222 2797 2460 2852; x_wconf 78' lang='lat' dir='ltr'><strong>nefanda</strong></span> <span class='ocrx_word' id='word_1_230' title='bbox 2507 2797 2631 2850; x_wconf 84' lang='lat' dir='ltr'><strong>Vat.</strong></span> <span class='ocrx_word' id='word_1_231' title='bbox 2690 2819 2755 2834; x_wconf 90' lang='lat'>-</span> 
     </span>
     <span class='ocr_line' id='line_1_25' title="bbox 567 2878 2756 2954; baseline -0.005 -14"><span class='ocrx_word' id='word_1_232' title='bbox 567 2889 615 2940; x_wconf 78' lang='lat'><strong>5.</strong></span> <span class='ocrx_word' id='word_1_233' title='bbox 661 2891 719 2940; x_wconf 88' lang='lat' dir='ltr'><strong>et</strong></span> <span class='ocrx_word' id='word_1_234' title='bbox 749 2885 836 2940; x_wconf 87' lang='lat' dir='ltr'><strong>his</strong></span> <span class='ocrx_word' id='word_1_235' title='bbox 869 2902 918 2942; x_wconf 74' lang='lat' dir='ltr'><strong>c.</strong></span> <span class='ocrx_word' id='word_1_236' title='bbox 952 2885 1017 2939; x_wconf 92' lang='lat' dir='ltr'><strong>D.</strong></span> <span class='ocrx_word' id='word_1_237' title='bbox 1053 2887 1178 2942; x_wconf 86' lang='lat' dir='ltr'><strong>Vat.</strong></span> <span class='ocrx_word' id='word_1_238' title='bbox 1213 2887 1296 2940; x_wconf 88' lang='lat' dir='ltr'><strong>ed.</strong></span> <span class='ocrx_word' id='word_1_239' title='bbox 1329 2902 1441 2953; x_wconf 90' lang='lat' dir='ltr'><strong>pr.,</strong></span> <span class='ocrx_word' id='word_1_240' title='bbox 1498 2895 1555 2941; x_wconf 87' lang='lat' dir='ltr'><strong>et</strong></span> <span class='ocrx_word' id='word_1_241' title='bbox 1584 2887 1653 2940; x_wconf 85' lang='lat' dir='ltr'><strong>iis</strong></span> <span class='ocrx_word' id='word_1_242' title='bbox 1686 2906 1734 2943; x_wconf 83' lang='lat' dir='ltr'><strong>v.</strong></span> <span class='ocrx_word' id='word_1_243' title='bbox 1772 2911 1839 2927; x_wconf 75' lang='lat'>-</span> <span class='ocrx_word' id='word_1_244' title='bbox 1908 2890 1957 2940; x_wconf 84' lang='lat'><strong>6.</strong></span> <span class='ocrx_word' id='word_1_245' title='bbox 1993 2885 2202 2954; x_wconf 85' lang='lat' dir='ltr'><strong>egerint</strong></span> <span class='ocrx_word' id='word_1_246' title='bbox 2232 2880 2647 2953; x_wconf 73' lang='lat' dir='ltr'><strong>poenitentiam,</strong></span> <span class='ocrx_word' id='word_1_247' title='bbox 2696 2878 2756 2930; x_wconf 90' lang='lat' dir='ltr'><strong>in</strong></span> 
     </span>
     <span class='ocr_line' id='line_1_26' title="bbox 563 2964 2758 3040; baseline -0 -15"><span class='ocrx_word' id='word_1_248' title='bbox 563 2971 756 3025; x_wconf 85' lang='lat' dir='ltr'><strong>turrim</strong></span> <span class='ocrx_word' id='word_1_249' title='bbox 788 2987 837 3028; x_wconf 88' lang='lat' dir='ltr'><strong>c.</strong></span> <span class='ocrx_word' id='word_1_250' title='bbox 871 2969 938 3026; x_wconf 89' lang='lat' dir='ltr'><strong>D.</strong></span> <span class='ocrx_word' id='word_1_251' title='bbox 972 2972 1097 3029; x_wconf 87' lang='lat' dir='ltr'><strong>Vat.</strong></span> <span class='ocrx_word' id='word_1_252' title='bbox 1111 3011 1126 3036; x_wconf 88' lang='lat'>‚</span> <span class='ocrx_word' id='word_1_253' title='bbox 1183 2972 1570 3040; x_wconf 88' lang='lat' dir='ltr'><strong>poenitentiam</strong></span> <span class='ocrx_word' id='word_1_254' title='bbox 1614 2971 1849 3040; x_wconf 83' lang='lat' dir='ltr'><strong>egerint,</strong></span> <span class='ocrx_word' id='word_1_255' title='bbox 1906 2971 1965 3024; x_wconf 91' lang='lat' dir='ltr'><strong>in</strong></span> <span class='ocrx_word' id='word_1_256' title='bbox 1998 2970 2137 3025; x_wconf 87' lang='lat' dir='ltr'><strong>turri</strong></span> <span class='ocrx_word' id='word_1_257' title='bbox 2171 2970 2255 3025; x_wconf 83' lang='lat' dir='ltr'><strong>ed.</strong></span> <span class='ocrx_word' id='word_1_258' title='bbox 2288 2985 2371 3036; x_wconf 89' lang='lat' dir='ltr'><strong>pr.</strong></span> <span class='ocrx_word' id='word_1_259' title='bbox 2407 2986 2457 3025; x_wconf 82' lang='lat' dir='ltr'><strong>v.</strong></span> <span class='ocrx_word' id='word_1_260' title='bbox 2492 2995 2558 3007; x_wconf 90' lang='lat'>-</span> <span class='ocrx_word' id='word_1_261' title='bbox 2620 2969 2673 3020; x_wconf 73' lang='grc' dir='ltr'><strong>ὃ.</strong></span> <span class='ocrx_word' id='word_1_262' title='bbox 2709 2964 2758 3018; x_wconf 82' lang='grc'><strong>7.</strong></span> 
     </span>
     <span class='ocr_line' id='line_1_27' title="bbox 565 3050 2763 3126; baseline -0.003 -16"><span class='ocrx_word' id='word_1_263' title='bbox 565 3055 616 3110; x_wconf 87' lang='lat' dir='ltr'><strong>si</strong></span> <span class='ocrx_word' id='word_1_264' title='bbox 650 3071 776 3111; x_wconf 87' lang='lat' dir='ltr'><strong>vero</strong></span> <span class='ocrx_word' id='word_1_265' title='bbox 808 3055 1017 3110; x_wconf 75' lang='lat' dir='ltr'><strong>tardius</strong></span> <span class='ocrx_word' id='word_1_266' title='bbox 1054 3059 1285 3126; x_wconf 80' lang='lat' dir='ltr'><strong>egerint,</strong></span> <span class='ocrx_word' id='word_1_267' title='bbox 1319 3056 1378 3110; x_wconf 87' lang='lat' dir='ltr'><strong>in</strong></span> <span class='ocrx_word' id='word_1_268' title='bbox 1411 3057 1583 3112; x_wconf 86' lang='lat' dir='ltr'><strong>muris</strong></span> <span class='ocrx_word' id='word_1_269' title='bbox 1615 3057 1938 3113; x_wconf 77' lang='lat' dir='ltr'><strong>habitabunt</strong></span> <span class='ocrx_word' id='word_1_270' title='bbox 1970 3071 2015 3110; x_wconf 84' lang='lat' dir='ltr'><strong>e.</strong></span> <span class='ocrx_word' id='word_1_271' title='bbox 2050 3058 2176 3112; x_wconf 83' lang='lat' dir='ltr'><strong>Vat.</strong></span> <span class='ocrx_word' id='word_1_272' title='bbox 2212 3055 2295 3110; x_wconf 81' lang='lat' dir='ltr'><strong>ed.</strong></span> <span class='ocrx_word' id='word_1_273' title='bbox 2328 3064 2411 3122; x_wconf 82' lang='lat' dir='ltr'><strong>pr.</strong></span> <span class='ocrx_word' id='word_1_274' title='bbox 2445 3070 2513 3116; x_wconf 65' lang='lat' dir='ltr'><strong>v„</strong></span> <span class='ocrx_word' id='word_1_275' title='bbox 2549 3068 2656 3107; x_wconf 88' lang='lat' dir='ltr'><strong>om.</strong></span> <span class='ocrx_word' id='word_1_276' title='bbox 2690 3050 2763 3103; x_wconf 78' lang='lat' dir='ltr'><strong>D.</strong></span> 
     </span>
     <span class='ocr_line' id='line_1_28' title="bbox 564 3137 2757 3214; baseline -0.001 -22"><span class='ocrx_word' id='word_1_277' title='bbox 564 3169 634 3180; x_wconf 88' lang='lat'><strong>—-</strong></span> <span class='ocrx_word' id='word_1_278' title='bbox 706 3143 757 3192; x_wconf 91' lang='grc'><strong>7.</strong></span> <span class='ocrx_word' id='word_1_279' title='bbox 807 3140 855 3195; x_wconf 89' lang='lat' dir='ltr'><strong>si</strong></span> <span class='ocrx_word' id='word_1_280' title='bbox 888 3149 1072 3196; x_wconf 83' lang='lat' dir='ltr'><strong>autem</strong></span> <span class='ocrx_word' id='word_1_281' title='bbox 1105 3158 1151 3198; x_wconf 89' lang='lat' dir='ltr'><strong>c.</strong></span> <span class='ocrx_word' id='word_1_282' title='bbox 1192 3144 1315 3200; x_wconf 86' lang='lat' dir='ltr'><strong>Vat.</strong></span> <span class='ocrx_word' id='word_1_283' title='bbox 1350 3143 1434 3199; x_wconf 85' lang='lat' dir='ltr'><strong>ed.</strong></span> <span class='ocrx_word' id='word_1_284' title='bbox 1470 3159 1552 3214; x_wconf 92' lang='lat' dir='ltr'><strong>pr.</strong></span> <span class='ocrx_word' id='word_1_285' title='bbox 1587 3162 1635 3199; x_wconf 83' lang='lat' dir='ltr'><strong>v.</strong></span> <span class='ocrx_word' id='word_1_286' title='bbox 1649 3184 1663 3204; x_wconf 83' lang='grc'>,</span> <span class='ocrx_word' id='word_1_287' title='bbox 1716 3145 1801 3197; x_wconf 90' lang='lat' dir='ltr'><strong>sin</strong></span> <span class='ocrx_word' id='word_1_288' title='bbox 1835 3148 2017 3197; x_wconf 85' lang='lat' dir='ltr'><strong>autem</strong></span> <span class='ocrx_word' id='word_1_289' title='bbox 2046 3141 2117 3198; x_wconf 95' lang='lat' dir='ltr'><strong>D.</strong></span> <span class='ocrx_word' id='word_1_290' title='bbox 2150 3171 2221 3183; x_wconf 89' lang='lat'><strong>-—</strong></span> <span class='ocrx_word' id='word_1_291' title='bbox 2286 3144 2338 3197; x_wconf 88' lang='lat'><strong>8.</strong></span> <span class='ocrx_word' id='word_1_292' title='bbox 2370 3137 2757 3208; x_wconf 84' lang='lat' dir='ltr'><strong>poenitentiam</strong></span> 
     </span>
     <span class='ocr_line' id='line_1_29' title="bbox 564 3223 2757 3297; baseline -0.002 -18"><span class='ocrx_word' id='word_1_293' title='bbox 564 3240 612 3281; x_wconf 88' lang='lat' dir='ltr'><strong>c.</strong></span> <span class='ocrx_word' id='word_1_294' title='bbox 645 3225 713 3279; x_wconf 94' lang='lat' dir='ltr'><strong>D.</strong></span> <span class='ocrx_word' id='word_1_295' title='bbox 745 3225 837 3291; x_wconf 63' lang='lat' dir='ltr'><strong>L„</strong></span> <span class='ocrx_word' id='word_1_296' title='bbox 889 3243 992 3283; x_wconf 89' lang='lat' dir='ltr'><strong>om.</strong></span> <span class='ocrx_word' id='word_1_297' title='bbox 1040 3228 1164 3283; x_wconf 82' lang='lat' dir='ltr'><strong>Vat.</strong></span> <span class='ocrx_word' id='word_1_298' title='bbox 1209 3228 1296 3282; x_wconf 87' lang='lat' dir='ltr'><strong>ed.</strong></span> <span class='ocrx_word' id='word_1_299' title='bbox 1344 3244 1424 3297; x_wconf 86' lang='lat' dir='ltr'><strong>pr.</strong></span> <span class='ocrx_word' id='word_1_300' title='bbox 1459 3247 1511 3284; x_wconf 83' lang='lat' dir='ltr'><strong>v.</strong></span> <span class='ocrx_word' id='word_1_301' title='bbox 1562 3255 1633 3268; x_wconf 90' lang='lat'><em>-</em></span> <span class='ocrx_word' id='word_1_302' title='bbox 1702 3230 1751 3284; x_wconf 80' lang='lat'><strong>9.</strong></span> <span class='ocrx_word' id='word_1_303' title='bbox 1796 3227 1995 3283; x_wconf 84' lang='lat' dir='ltr'><strong>virides</strong></span> <span class='ocrx_word' id='word_1_304' title='bbox 2039 3226 2347 3282; x_wconf 86' lang='lat' dir='ltr'><strong>habuerunt</strong></span> <span class='ocrx_word' id='word_1_305' title='bbox 2377 3243 2423 3282; x_wconf 80' lang='lat' dir='ltr'><strong>e.</strong></span> <span class='ocrx_word' id='word_1_306' title='bbox 2452 3225 2519 3279; x_wconf 90' lang='lat' dir='ltr'><strong>D.</strong></span> <span class='ocrx_word' id='word_1_307' title='bbox 2552 3223 2757 3284; x_wconf 65' lang='lat' dir='ltr'><strong>Dress„</strong></span> 
     </span>
     <span class='ocr_line' id='line_1_30' title="bbox 565 3308 2759 3382; baseline -0.003 -14"><span class='ocrx_word' id='word_1_308' title='bbox 565 3311 768 3368; x_wconf 75' lang='lat' dir='ltr'><strong>virides</strong></span> <span class='ocrx_word' id='word_1_309' title='bbox 802 3311 1106 3368; x_wconf 77' lang='lat' dir='ltr'><strong>habuerant</strong></span> <span class='ocrx_word' id='word_1_310' title='bbox 1138 3313 1219 3367; x_wconf 87' lang='lat' dir='ltr'><strong>ed.</strong></span> <span class='ocrx_word' id='word_1_311' title='bbox 1255 3329 1334 3382; x_wconf 89' lang='lat' dir='ltr'><strong>pr.</strong></span> <span class='ocrx_word' id='word_1_312' title='bbox 1371 3330 1419 3367; x_wconf 81' lang='lat' dir='ltr'><strong>v.</strong></span> <span class='ocrx_word' id='word_1_313' title='bbox 1435 3354 1449 3378; x_wconf 94' lang='lat'>‚</span> <span class='ocrx_word' id='word_1_314' title='bbox 1505 3313 1813 3370; x_wconf 86' lang='lat' dir='ltr'><strong>habuerunt</strong></span> <span class='ocrx_word' id='word_1_315' title='bbox 1847 3313 2047 3368; x_wconf 78' lang='lat' dir='ltr'><strong>virides</strong></span> <span class='ocrx_word' id='word_1_316' title='bbox 2092 3314 2211 3369; x_wconf 86' lang='lat' dir='ltr'><strong>Vat.</strong></span> <span class='ocrx_word' id='word_1_317' title='bbox 2252 3344 2320 3355; x_wconf 89' lang='lat'><strong>—</strong></span> <span class='ocrx_word' id='word_1_318' title='bbox 2370 3317 2428 3366; x_wconf 88' lang='lat' dir='ltr'><strong>et</strong></span> <span class='ocrx_word' id='word_1_319' title='bbox 2458 3308 2679 3364; x_wconf 82' lang='lat' dir='ltr'><strong>tertiam</strong></span> <span class='ocrx_word' id='word_1_320' title='bbox 2712 3321 2759 3361; x_wconf 90' lang='lat' dir='ltr'><strong>c.</strong></span> 
     </span>
     <span class='ocr_line' id='line_1_31' title="bbox 570 3394 2757 3468; baseline -0.002 -17"><span class='ocrx_word' id='word_1_321' title='bbox 570 3400 700 3454; x_wconf 80' lang='lat' dir='ltr'><strong>vat.</strong></span> <span class='ocrx_word' id='word_1_322' title='bbox 733 3397 821 3455; x_wconf 87' lang='lat' dir='ltr'><strong>ed.</strong></span> <span class='ocrx_word' id='word_1_323' title='bbox 853 3414 934 3467; x_wconf 86' lang='lat' dir='ltr'><strong>pr.</strong></span> <span class='ocrx_word' id='word_1_324' title='bbox 968 3417 1044 3463; x_wconf 74' lang='lat' dir='ltr'><strong>v..</strong></span> <span class='ocrx_word' id='word_1_325' title='bbox 1093 3398 1316 3453; x_wconf 84' lang='lat' dir='ltr'><strong>terciam</strong></span> <span class='ocrx_word' id='word_1_326' title='bbox 1349 3400 1419 3457; x_wconf 93' lang='lat' dir='ltr'><strong>D.</strong></span> <span class='ocrx_word' id='word_1_327' title='bbox 1466 3425 1536 3440; x_wconf 88' lang='lat'><strong>-—</strong></span> <span class='ocrx_word' id='word_1_328' title='bbox 1608 3402 1692 3456; x_wconf 85' lang='lat'><strong>10.</strong></span> <span class='ocrx_word' id='word_1_329' title='bbox 1738 3399 2103 3468; x_wconf 86' lang='lat' dir='ltr'><strong>compluribus</strong></span> <span class='ocrx_word' id='word_1_330' title='bbox 2135 3397 2425 3466; x_wconf 84' lang='lat' dir='ltr'><strong>generibus</strong></span> <span class='ocrx_word' id='word_1_331' title='bbox 2455 3394 2681 3450; x_wconf 81' lang='lat' dir='ltr'><strong>inficiati</strong></span> <span class='ocrx_word' id='word_1_332' title='bbox 2710 3409 2757 3448; x_wconf 86' lang='lat' dir='ltr'><strong>c.</strong></span> 
     </span>
     <span class='ocr_line' id='line_1_32' title="bbox 567 3476 2755 3554; baseline -0.003 -16"><span class='ocrx_word' id='word_1_333' title='bbox 567 3485 694 3538; x_wconf 86' lang='lat' dir='ltr'><strong>Vat.</strong></span> <span class='ocrx_word' id='word_1_334' title='bbox 729 3484 851 3553; x_wconf 88' lang='lat' dir='ltr'><strong>(ubi</strong></span> <span class='ocrx_word' id='word_1_335' title='bbox 882 3485 1214 3551; x_wconf 80' lang='lat' dir='ltr'><strong>praecedens</strong></span> <span class='ocrx_word' id='word_1_336' title='bbox 1247 3500 1364 3542; x_wconf 87' lang='lat' dir='ltr'><strong>voe.</strong></span> <span class='ocrx_word' id='word_1_337' title='bbox 1397 3501 1523 3548; x_wconf 82' lang='lat' dir='ltr'><strong>cum</strong></span> <span class='ocrx_word' id='word_1_338' title='bbox 1556 3492 1879 3554; x_wconf 82' lang='lat' dir='ltr'><strong>expunctum</strong></span> <span class='ocrx_word' id='word_1_339' title='bbox 1912 3487 2023 3552; x_wconf 85' lang='lat' dir='ltr'><strong>est)</strong></span> <span class='ocrx_word' id='word_1_340' title='bbox 2036 3521 2051 3548; x_wconf 89' lang='lat'><strong>‚</strong></span> <span class='ocrx_word' id='word_1_341' title='bbox 2107 3481 2515 3552; x_wconf 77' lang='lat' dir='ltr'><strong>quamplurimis</strong></span> <span class='ocrx_word' id='word_1_342' title='bbox 2547 3476 2755 3550; x_wconf 87' lang='lat' dir='ltr'><strong>generi-</strong></span> 
     </span>
     <span class='ocr_line' id='line_1_33' title="bbox 566 3564 2757 3640; baseline -0.003 -16"><span class='ocrx_word' id='word_1_343' title='bbox 566 3569 671 3624; x_wconf 90' lang='lat' dir='ltr'><strong>bus</strong></span> <span class='ocrx_word' id='word_1_344' title='bbox 707 3569 944 3624; x_wconf 80' lang='lat' dir='ltr'><strong>inficiati</strong></span> <span class='ocrx_word' id='word_1_345' title='bbox 977 3570 1109 3624; x_wconf 76' lang='lat' dir='ltr'><strong>Mes,</strong></span> <span class='ocrx_word' id='word_1_346' title='bbox 1146 3571 1303 3638; x_wconf 81' lang='lat' dir='ltr'><strong>Angl.</strong></span> <span class='ocrx_word' id='word_1_347' title='bbox 1317 3611 1332 3638; x_wconf 91' lang='lat'>‚</span> <span class='ocrx_word' id='word_1_348' title='bbox 1387 3571 1639 3639; x_wconf 85' lang='lat' dir='ltr'><strong>quoniam</strong></span> <span class='ocrx_word' id='word_1_349' title='bbox 1687 3571 2051 3640; x_wconf 79' lang='lat' dir='ltr'><strong>compluribus</strong></span> <span class='ocrx_word' id='word_1_350' title='bbox 2094 3570 2383 3640; x_wconf 82' lang='lat' dir='ltr'><strong>generibus</strong></span> <span class='ocrx_word' id='word_1_351' title='bbox 2416 3564 2641 3622; x_wconf 78' lang='lat' dir='ltr'><strong>inficiati</strong></span> <span class='ocrx_word' id='word_1_352' title='bbox 2672 3564 2757 3626; x_wconf 82' lang='lat' dir='ltr'><strong>D..</strong></span> 
     </span>
     <span class='ocr_line' id='line_1_34' title="bbox 567 3652 2755 3724; baseline 0.001 -14"><span class='ocrx_word' id='word_1_353' title='bbox 567 3655 928 3724; x_wconf 87' lang='lat' dir='ltr'><strong>compluribus</strong></span> <span class='ocrx_word' id='word_1_354' title='bbox 962 3655 1136 3710; x_wconf 85' lang='lat' dir='ltr'><strong>modis</strong></span> <span class='ocrx_word' id='word_1_355' title='bbox 1171 3655 1447 3724; x_wconf 81' lang='lat' dir='ltr'><strong>depravati</strong></span> <span class='ocrx_word' id='word_1_356' title='bbox 1482 3657 1568 3713; x_wconf 82' lang='lat' dir='ltr'><strong>ed.</strong></span> <span class='ocrx_word' id='word_1_357' title='bbox 1607 3673 1691 3724; x_wconf 86' lang='lat' dir='ltr'><strong>pr.</strong></span> <span class='ocrx_word' id='word_1_358' title='bbox 1727 3674 1773 3712; x_wconf 85' lang='lat' dir='ltr'><strong>v.</strong></span> <span class='ocrx_word' id='word_1_359' title='bbox 1810 3684 1877 3696; x_wconf 93' lang='lat'><strong>-—</strong></span> <span class='ocrx_word' id='word_1_360' title='bbox 1911 3655 2184 3711; x_wconf 87' lang='lat' dir='ltr'><strong>dominum</strong></span> <span class='ocrx_word' id='word_1_361' title='bbox 2216 3669 2261 3710; x_wconf 86' lang='lat' dir='ltr'><strong>c.</strong></span> <span class='ocrx_word' id='word_1_362' title='bbox 2295 3655 2418 3710; x_wconf 79' lang='lat' dir='ltr'><strong>Vat.</strong></span> <span class='ocrx_word' id='word_1_363' title='bbox 2450 3652 2535 3709; x_wconf 85' lang='lat' dir='ltr'><strong>ed.</strong></span> <span class='ocrx_word' id='word_1_364' title='bbox 2571 3666 2653 3719; x_wconf 87' lang='lat' dir='ltr'><strong>pr.</strong></span> <span class='ocrx_word' id='word_1_365' title='bbox 2689 3666 2755 3712; x_wconf 56' lang='grc' dir='ltr'><strong>νη</strong></span> 
     </span>
     <span class='ocr_line' id='line_1_35' title="bbox 568 3735 2757 3811; baseline -0.003 -16"><span class='ocrx_word' id='word_1_366' title='bbox 568 3741 729 3796; x_wconf 86' lang='lat' dir='ltr'><strong>deum</strong></span> <span class='ocrx_word' id='word_1_367' title='bbox 760 3742 827 3795; x_wconf 93' lang='lat' dir='ltr'><strong>D.</strong></span> <span class='ocrx_word' id='word_1_368' title='bbox 874 3771 944 3782; x_wconf 89' lang='lat'>—</span> <span class='ocrx_word' id='word_1_369' title='bbox 1014 3745 1094 3796; x_wconf 90' lang='lat'><strong>11.</strong></span> <span class='ocrx_word' id='word_1_370' title='bbox 1130 3747 1294 3811; x_wconf 80' lang='lat' dir='ltr'><strong>atque</strong></span> <span class='ocrx_word' id='word_1_371' title='bbox 1325 3757 1374 3796; x_wconf 85' lang='lat' dir='ltr'><strong>c.</strong></span> <span class='ocrx_word' id='word_1_372' title='bbox 1405 3742 1474 3800; x_wconf 89' lang='lat' dir='ltr'><strong>D.</strong></span> <span class='ocrx_word' id='word_1_373' title='bbox 1507 3741 1633 3798; x_wconf 81' lang='lat' dir='ltr'><strong>Vat.</strong></span> <span class='ocrx_word' id='word_1_374' title='bbox 1668 3741 1753 3796; x_wconf 86' lang='lat' dir='ltr'><strong>ed.</strong></span> <span class='ocrx_word' id='word_1_375' title='bbox 1794 3749 1905 3809; x_wconf 85' lang='lat' dir='ltr'><strong>pr.,</strong></span> <span class='ocrx_word' id='word_1_376' title='bbox 1959 3749 2122 3810; x_wconf 81' lang='lat' dir='ltr'><strong>atque</strong></span> <span class='ocrx_word' id='word_1_377' title='bbox 2156 3742 2234 3796; x_wconf 81' lang='lat' dir='ltr'><strong>ita</strong></span> <span class='ocrx_word' id='word_1_378' title='bbox 2267 3758 2314 3797; x_wconf 78' lang='lat' dir='ltr'><strong>v.</strong></span> <span class='ocrx_word' id='word_1_379' title='bbox 2348 3767 2414 3780; x_wconf 86' lang='lat'><strong>-·-</strong></span> <span class='ocrx_word' id='word_1_380' title='bbox 2488 3741 2568 3792; x_wconf 78' lang='lat'><strong>12.</strong></span> <span class='ocrx_word' id='word_1_381' title='bbox 2603 3751 2639 3790; x_wconf 82' lang='lat' dir='ltr'><strong>a</strong></span> <span class='ocrx_word' id='word_1_382' title='bbox 2671 3735 2757 3788; x_wconf 82' lang='lat' dir='ltr'><strong>d’o</strong></span> 
     </span>
     <span class='ocr_line' id='line_1_36' title="bbox 567 3823 2756 3896; baseline 0.001 -16"><span class='ocrx_word' id='word_1_383' title='bbox 567 3827 633 3880; x_wconf 92' lang='lat' dir='ltr'><strong>D.</strong></span> <span class='ocrx_word' id='word_1_384' title='bbox 668 3855 736 3866; x_wconf 94' lang='lat'>—</span> <span class='ocrx_word' id='word_1_385' title='bbox 769 3827 828 3880; x_wconf 91' lang='lat' dir='ltr'><strong>hi</strong></span> <span class='ocrx_word' id='word_1_386' title='bbox 861 3843 907 3881; x_wconf 88' lang='lat' dir='ltr'><strong>c.</strong></span> <span class='ocrx_word' id='word_1_387' title='bbox 939 3827 1004 3881; x_wconf 90' lang='lat' dir='ltr'><strong>D.</strong></span> <span class='ocrx_word' id='word_1_388' title='bbox 1039 3827 1188 3892; x_wconf 76' lang='lat' dir='ltr'><strong>Vat,</strong></span> <span class='ocrx_word' id='word_1_389' title='bbox 1223 3826 1304 3880; x_wconf 90' lang='lat' dir='ltr'><strong>illi</strong></span> <span class='ocrx_word' id='word_1_390' title='bbox 1339 3825 1426 3885; x_wconf 82' lang='lat' dir='ltr'><strong>ed.</strong></span> <span class='ocrx_word' id='word_1_391' title='bbox 1460 3843 1541 3896; x_wconf 86' lang='lat' dir='ltr'><strong>pr.</strong></span> <span class='ocrx_word' id='word_1_392' title='bbox 1575 3844 1622 3882; x_wconf 81' lang='lat' dir='ltr'><strong>v.</strong></span> <span class='ocrx_word' id='word_1_393' title='bbox 1659 3855 1729 3868; x_wconf 88' lang='lat'>—</span> <span class='ocrx_word' id='word_1_394' title='bbox 1801 3829 1879 3881; x_wconf 79' lang='lat'><strong>13.</strong></span> <span class='ocrx_word' id='word_1_395' title='bbox 1914 3827 2080 3881; x_wconf 82' lang='lat' dir='ltr'><strong>vitam</strong></span> <span class='ocrx_word' id='word_1_396' title='bbox 2113 3845 2160 3883; x_wconf 86' lang='lat' dir='ltr'><strong>e.</strong></span> <span class='ocrx_word' id='word_1_397' title='bbox 2194 3827 2259 3881; x_wconf 92' lang='lat' dir='ltr'><strong>D.</strong></span> <span class='ocrx_word' id='word_1_398' title='bbox 2292 3826 2417 3882; x_wconf 78' lang='lat' dir='ltr'><strong>Vat.</strong></span> <span class='ocrx_word' id='word_1_399' title='bbox 2450 3823 2534 3880; x_wconf 80' lang='lat' dir='ltr'><strong>ed.</strong></span> <span class='ocrx_word' id='word_1_400' title='bbox 2570 3838 2650 3891; x_wconf 90' lang='lat' dir='ltr'><strong>pr.</strong></span> <span class='ocrx_word' id='word_1_401' title='bbox 2690 3837 2756 3883; x_wconf 70' lang='lat' dir='ltr'><strong>v„</strong></span> 
     </span>
    </p>
   </div>
   <div class='ocr_carea' id='block_1_5' title="bbox 568 3907 2753 4155">
    <p class='ocr_par' dir='ltr' id='par_1_5' title="bbox 568 3907 2753 4155">
     <span class='ocr_line' id='line_1_37' title="bbox 568 3907 2753 3982; baseline -0.003 -17"><span class='ocrx_word' id='word_1_402' title='bbox 568 3911 954 3980; x_wconf 87' lang='lat' dir='ltr'><strong>poenitentiam</strong></span> <span class='ocrx_word' id='word_1_403' title='bbox 987 3911 1051 3969; x_wconf 91' lang='grc' dir='ltr'><strong>Β.</strong></span> <span class='ocrx_word' id='word_1_404' title='bbox 1101 3943 1172 3952; x_wconf 90' lang='lat'><strong>—-—</strong></span> <span class='ocrx_word' id='word_1_405' title='bbox 1243 3915 1324 3966; x_wconf 78' lang='lat'><strong>14.</strong></span> <span class='ocrx_word' id='word_1_406' title='bbox 1375 3911 1463 3966; x_wconf 85' lang='lat' dir='ltr'><strong>his</strong></span> <span class='ocrx_word' id='word_1_407' title='bbox 1514 3927 1560 3968; x_wconf 88' lang='lat' dir='ltr'><strong>e.</strong></span> <span class='ocrx_word' id='word_1_408' title='bbox 1595 3913 1662 3968; x_wconf 91' lang='lat' dir='ltr'><strong>D.</strong></span> <span class='ocrx_word' id='word_1_409' title='bbox 1696 3912 1821 3968; x_wconf 82' lang='lat' dir='ltr'><strong>Vat.</strong></span> <span class='ocrx_word' id='word_1_410' title='bbox 1856 3913 1943 3970; x_wconf 87' lang='lat' dir='ltr'><strong>ed.</strong></span> <span class='ocrx_word' id='word_1_411' title='bbox 1977 3928 2085 3982; x_wconf 89' lang='lat' dir='ltr'><strong>pr.,</strong></span> <span class='ocrx_word' id='word_1_412' title='bbox 2122 3912 2192 3966; x_wconf 84' lang='lat' dir='ltr'><strong>iis</strong></span> <span class='ocrx_word' id='word_1_413' title='bbox 2226 3931 2273 3968; x_wconf 83' lang='lat' dir='ltr'><strong>v.</strong></span> <span class='ocrx_word' id='word_1_414' title='bbox 2309 3937 2379 3952; x_wconf 80' lang='lat'><strong>--</strong></span> <span class='ocrx_word' id='word_1_415' title='bbox 2450 3913 2531 3964; x_wconf 80' lang='lat'><strong>15.</strong></span> <span class='ocrx_word' id='word_1_416' title='bbox 2566 3923 2665 3963; x_wconf 83' lang='lat' dir='ltr'><strong>nec</strong></span> <span class='ocrx_word' id='word_1_417' title='bbox 2696 3907 2753 3959; x_wconf 91' lang='lat' dir='ltr'><strong>in</strong></span> 
     </span>
     <span class='ocr_line' id='line_1_38' title="bbox 571 3995 2753 4064; baseline -0.001 -15"><span class='ocrx_word' id='word_1_418' title='bbox 571 4009 618 4051; x_wconf 89' lang='lat' dir='ltr'><strong>c.</strong></span> <span class='ocrx_word' id='word_1_419' title='bbox 649 3996 718 4049; x_wconf 92' lang='lat' dir='ltr'><strong>D.</strong></span> <span class='ocrx_word' id='word_1_420' title='bbox 755 4000 894 4061; x_wconf 79' lang='lat' dir='ltr'><strong>Vat,</strong></span> <span class='ocrx_word' id='word_1_421' title='bbox 928 4004 985 4052; x_wconf 89' lang='lat' dir='ltr'><strong>et</strong></span> <span class='ocrx_word' id='word_1_422' title='bbox 1014 3997 1072 4052; x_wconf 90' lang='lat' dir='ltr'><strong>in</strong></span> <span class='ocrx_word' id='word_1_423' title='bbox 1105 3998 1190 4062; x_wconf 76' lang='lat' dir='ltr'><strong>D..</strong></span> <span class='ocrx_word' id='word_1_424' title='bbox 1224 4011 1324 4052; x_wconf 81' lang='lat' dir='ltr'><strong>nec</strong></span> <span class='ocrx_word' id='word_1_425' title='bbox 1359 3997 1442 4052; x_wconf 81' lang='lat' dir='ltr'><strong>ed.</strong></span> <span class='ocrx_word' id='word_1_426' title='bbox 1476 4013 1561 4064; x_wconf 86' lang='lat' dir='ltr'><strong>pr.</strong></span> <span class='ocrx_word' id='word_1_427' title='bbox 1594 4015 1641 4052; x_wconf 86' lang='lat' dir='ltr'><strong>v.</strong></span> <span class='ocrx_word' id='word_1_428' title='bbox 1676 4025 1745 4040; x_wconf 87' lang='lat'><strong>--</strong></span> <span class='ocrx_word' id='word_1_429' title='bbox 1816 3999 1896 4052; x_wconf 82' lang='lat'><strong>16.</strong></span> <span class='ocrx_word' id='word_1_430' title='bbox 1932 3999 1981 4053; x_wconf 83' lang='lat' dir='ltr'><strong>si</strong></span> <span class='ocrx_word' id='word_1_431' title='bbox 2014 4004 2197 4056; x_wconf 81' lang='lat' dir='ltr'><strong>autem</strong></span> <span class='ocrx_word' id='word_1_432' title='bbox 2229 4011 2279 4055; x_wconf 83' lang='lat' dir='ltr'><strong>e.</strong></span> <span class='ocrx_word' id='word_1_433' title='bbox 2307 3997 2428 4052; x_wconf 82' lang='lat' dir='ltr'><strong>Vat.</strong></span> <span class='ocrx_word' id='word_1_434' title='bbox 2465 3995 2549 4050; x_wconf 84' lang='lat' dir='ltr'><strong>ed.</strong></span> <span class='ocrx_word' id='word_1_435' title='bbox 2581 4009 2658 4064; x_wconf 87' lang='lat' dir='ltr'><strong>pr.</strong></span> <span class='ocrx_word' id='word_1_436' title='bbox 2689 4009 2753 4054; x_wconf 80' lang='lat' dir='ltr'><strong>v..</strong></span> 
     </span>
     <span class='ocr_line' id='line_1_39' title="bbox 572 4075 2752 4155; baseline -0.002 -19"><span class='ocrx_word' id='word_1_437' title='bbox 572 4081 659 4136; x_wconf 91' lang='lat' dir='ltr'><strong>sin</strong></span> <span class='ocrx_word' id='word_1_438' title='bbox 692 4088 872 4136; x_wconf 79' lang='lat' dir='ltr'><strong>autem</strong></span> <span class='ocrx_word' id='word_1_439' title='bbox 903 4083 970 4138; x_wconf 92' lang='lat' dir='ltr'><strong>D.</strong></span> <span class='ocrx_word' id='word_1_440' title='bbox 1018 4111 1082 4123; x_wconf 92' lang='lat'>-</span> <span class='ocrx_word' id='word_1_441' title='bbox 1135 4081 1424 4151; x_wconf 80' lang='lat' dir='ltr'><strong>acquirunt</strong></span> <span class='ocrx_word' id='word_1_442' title='bbox 1467 4085 1923 4155; x_wconf 69' lang='grc' dir='ltr'><strong>(κατεργάζονται)</strong></span> <span class='ocrx_word' id='word_1_443' title='bbox 1956 4101 2007 4142; x_wconf 86' lang='lat' dir='ltr'><strong>c.</strong></span> <span class='ocrx_word' id='word_1_444' title='bbox 2038 4083 2106 4142; x_wconf 92' lang='lat' dir='ltr'><strong>D.</strong></span> <span class='ocrx_word' id='word_1_445' title='bbox 2120 4123 2135 4149; x_wconf 92' lang='lat'>,</span> <span class='ocrx_word' id='word_1_446' title='bbox 2189 4082 2469 4152; x_wconf 69' lang='lat' dir='ltr'><strong>acquirent</strong></span> <span class='ocrx_word' id='word_1_447' title='bbox 2498 4081 2622 4138; x_wconf 85' lang='lat' dir='ltr'><strong>Vat.</strong></span> <span class='ocrx_word' id='word_1_448' title='bbox 2668 4075 2752 4132; x_wconf 81' lang='lat' dir='ltr'><strong>ed.</strong></span> 
     </span>
    </p>
   </div>
   <div class='ocr_carea' id='block_1_6' title="bbox 567 4182 843 4236">
    <p class='ocr_par' dir='ltr' id='par_1_6' title="bbox 567 4182 843 4236">
     <span class='ocr_line' id='line_1_40' title="bbox 567 4182 843 4236; baseline 0 -15"><span class='ocrx_word' id='word_1_449' title='bbox 567 4182 654 4236; x_wconf 87' lang='lat' dir='ltr'><strong>pr.</strong></span> <span class='ocrx_word' id='word_1_450' title='bbox 686 4183 739 4222; x_wconf 82' lang='lat' dir='ltr'><strong>v.</strong></span> <span class='ocrx_word' id='word_1_451' title='bbox 777 4197 843 4208; x_wconf 92' lang='lat'><em>-</em></span> 
     </span>
    </p>
   </div>
  </div>
 </body>
</html>
