3003 5080
545 431 600 492 Χ
1486 417 1786 476 Praefatio.

543 603 943 710 ροποιοῦνται
1001 598 1063 662 ἐν
1125 622 1200 682 ην
1249 598 1449 662 πίστει
1491 602 1605 660 τοῦ
1657 595 1874 656 bonam
1907 592 2369 656 admonitionem
2403 602 2462 656 et
2480 595 2721 656 firman-

543 687 756 769 κυρίου
799 686 900 748 καὶ
947 680 1060 760 τὰς
1104 683 1324 759 λοιπὰς
1370 679 1607 767 ἡμέρας
1658 691 1756 742 tur
1811 683 1873 742 in
1938 681 2051 742 fide
2096 681 2319 741 domini
2364 688 2423 742 et
2464 681 2723 761 reliquos

539 779 656 856 τῆς
691 773 852 852 ζωῆς
881 769 1091 834 αὐτῶν
1123 767 1486 833 δουλεύουσι
1518 793 1605 877 τῳ

538 857 731 943 κυρίῳ
789 857 853 921 ἐν
913 862 1172 966 καθαρᾷ
1216 858 1446 944 καρδία
1490 879 1604 917 αυ-

539 950 699 1009 τῶν·
759 940 858 1022 [αν
913 941 981 1006 δὲ
1019 938 1457 1022 μετανοήσωσι
1500 941 1602 1003 καὶ

537 1026 930 1132 ἀνανήψωσι,
975 1025 1120 1091 τότε
1165 1024 1539 1135 συνίουσιν“
1508 1051 1604 1091 οτι

540 1115 643 1180 διὰ
704 1112 778 1179 τὰ
839 1111 993 1198 ἔργα
1046 1111 1257 1177 αὐτων
1301 1111 1414 1176 οὐκ
1458 1111 1604 1178 εὗω-

540 1204 764 1266 δοῦντο
826 1203 928 1263 καὶ
975 1194 1301 1277 δοξαζουσι
1344 1197 1453 1264 τόν
1498 1195 1621 1262 κύ·-

539 1313 708 1374 ριον,
771 1285 869 1351 ότι
913 1288 1149 1359 δίκαιος
1191 1283 1405 1368 κριτής
1451 1286 1601 1362 ἐστι,

539 1400 640 1438 και
689 1375 941 1449 δικαίως
985 1370 1233 1435 έπαθον
1288 1374 1389 1434 καὶ
1436 1372 1605 1435 ἐπαι-

540 1456 866 1540 δεύθησαν
939 1459 1098 1522 κατὰ
1171 1457 1284 1533 τὰς
1353 1455 1604 1541 πράξεις

541 1543 787 1608 αὐτῶν·
848 1542 918 1606 τὸ
981 1543 1048 1606 δὲ
1090 1544 1306 1606 λοιπὸν
1352 1543 1601 1607 δουλεύ·

541 1655 677 1695 ουσι
722 1655 809 1716 τῳ
847 1631 1036 1715 κυρίῳ
1069 1631 1130 1692 ἓν
1163 1635 1420 1736 καθαρᾷ
1453 1653 1603 1733 καρ-

539 1719 646 1781 δία
697 1695 930 1797 αὐτῶν]
977 1717 1077 1778 καὶ
1126 1693 1492 1778 εἰοδοῦνται
1536 1739 1600 1776 εν

539 1781 710 1887 nolon
742 1799 958 1884 πράξει
991 1799 1219 1877 αὐτῶν,
1243 1798 1601 1882 λαμβάνον-

539 1914 639 1965 τες
696 1888 867 1994 παρὰ
931 1895 1042 1952 τοῦ
1103 1888 1318 1969 κυρίου
1390 1884 1598 1950 πάντα

537 1974 658 2040 οσα
703 1971 779 2038 ἂν
823 1975 1139 2040 αῖτῶνται.

1659 768 1781 829 dies
1865 768 2131 828 serviunt
2206 767 2449 828 domino
2520 777 2720 828 mente

1656 873 1828 933 pura.
1915 861 1974 916 et
2030 871 2168 914 cum
2231 854 2536 933 coeperint
2577 855 2720 915 deli-

1656 950 1887 1001 ctorum
1910 959 2084 1020 agere
2103 940 2550 1018 poenitentiam,
2578 950 2722 1002 tunc

1653 1027 1976 1089 ascendent
2019 1026 2079 1086 in
2109 1026 2469 1105 praecordiis
2512 1045 2719 1088 eorum

1656 1132 1836 1192 opera
1880 1131 2003 1193 sua,
2049 1112 2110 1172 in
2158 1112 2375 1191 quibus
2416 1132 2479 1174 se
2511 1113 2720 1193 nequi-

1654 1208 1745 1260 ter
1788 1207 2120 1278 gesserunt,
2166 1206 2224 1260 et
2253 1208 2397 1260 tunc
2435 1199 2578 1260 dant
2607 1200 2717 1260 deo

1654 1286 1946 1346 honorem
1992 1285 2255 1346 dicentes
2306 1286 2525 1346 iustum
2568 1285 2719 1347 iudi-

1655 1391 1783 1434 cem
1843 1390 1977 1433 eum
2036 1390 2161 1433 esse
2178 1417 2195 1451 ‚
2270 1372 2598 1451 meritoque
2656 1390 2719 1432 se

1655 1459 1855 1519 omnia
1928 1477 2054 1518 esse
2131 1477 2338 1537 passos
2391 1459 2718 1519 secundum

1652 1545 1802 1605 facta
1830 1563 1954 1624 sua,
1980 1543 2203 1604 scilicet
2224 1544 2471 1624 quisque
2488 1563 2718 1605 eorum.

1653 1631 1715 1690 in
1761 1631 2055 1709 reliquum
2112 1648 2251 1690 vero
2300 1630 2563 1692 serviunt
2611 1631 2716 1691 do-

1653 1717 1816 1777 mino
1850 1724 2047 1777 mente
2092 1735 2243 1796 pura
2287 1725 2345 1778 et
2376 1735 2713 1778 successum

1650 1803 1871 1863 hahent
1929 1802 1988 1862 in
2052 1803 2303 1882 negotiis
2360 1803 2482 1864 suis
2524 1803 2716 1864 omni-

1650 1890 1763 1949 bus
1807 1889 2158 1968 accipientes
2200 1908 2234 1948 a
2263 1889 2504 1950 domino
2536 1909 2716 1970 quae-

1649 1994 1885 2054 cunque
1928 1983 2205 2055 poscunt.

741 2097 891 2158 quae
948 2078 1010 2138 in
1066 2077 1292 2156 graecis
1348 2077 1583 2138 uncinis
1644 2077 1856 2138 inclusi
1892 2088 2153 2158 propter
2193 2078 2713 2139 homoeoteleuton

538 2165 748 2227 omissa
797 2184 924 2226 esse
969 2163 1144 2224 etiam
1165 2163 1291 2224 Pal.
1341 2164 1543 2224 docet:
1593 2181 1770 2240 „cum
1816 2165 2122 2242 coeperint
2165 2164 2511 2225 delictorum
2543 2182 2714 2243 agere

536 2251 978 2332 poenitentiam,
1021 2259 1167 2311 tunc
1211 2249 1472 2311 ascendit
1516 2249 1576 2309 iu
1620 2251 1979 2327 praecordiis
2022 2270 2232 2312 eorum
2272 2269 2450 2330 opera
2480 2270 2605 2323 sua,
2652 2250 2713 2309 in

537 2338 751 2418 quibus
795 2337 1066 2417 nequiter
1110 2344 1438 2417 gesserunt,
1483 2343 1543 2396 et
1588 2345 1733 2396 tunc
1779 2335 1887 2397 deo
1936 2337 2077 2397 dant
2120 2338 2411 2398 honorem
2456 2337 2715 2397 dicentes

535 2426 754 2499 iustum
800 2443 933 2485 eum
981 2423 1236 2484 iudicem
1275 2427 1440 2497 esse‚'
1468 2423 1799 2501 meritoque
1830 2443 1891 2483 se
1920 2424 2118 2484 omnia
2149 2443 2354 2503 passos
2383 2423 2709 2484 secundum

533 2531 640 2573 sua
709 2528 1195 2591 unumquemque
1267 2511 1452 2583 sacta,
1526 2508 1590 2568 in
1662 2508 1889 2588 reliquo
1951 2529 2089 2571 vero
2150 2510 2413 2572 serviunt
2472 2508 2711 2570 domino

534 2605 734 2659 mente
792 2602 983 2677 pura“
1028 2606 1140 2658 etc.
1184 2616 1394 2677 graeca
1434 2595 1699 2675 supplevi
1745 2616 1777 2656 e
1819 2594 2451 2668 Pseudo-Athanasio,
2502 2595 2713 2658 additis

534 2684 754 2746 verbis:
816 2681 887 2746 τὸ
932 2682 1000 2746 δὲ
1041 2680 1255 2745 λοιπὸν
1299 2678 1661 2745 δουλεύουσι
1706 2685 1794 2766 τῷ
1836 2681 2026 2767 κυρίῳ
2073 2682 2134 2743 ἐν
2180 2687 2440 2767 καθαρᾷ
2488 2680 2715 2767 καρδίᾳ

533 2767 771 2832 αὐτῶν.

1347 2854 1520 2913 Sim.
1565 2852 1771 2928 VIII,
1840 2850 1901 2916 3.

782 2977 842 3037 p.
879 2954 1034 3063 104,
1087 2953 1353 3017 17-19.

625 3041 804 3117 Τίνες
836 3066 968 3117 ουν,
1001 3044 1182 3125 φημί,
1215 3036 1404 3122 κύριε,
1443 3039 1598 3103 εἶσιν

535 3154 590 3191 οι
650 3126 1144 3233 ἐστεφανωμένοι
1200 3152 1300 3188 και
1362 3124 1448 3199 εἷς
1492 3120 1600 3187 τὸν

532 3211 769 3297 πύργον
869 3208 1263 3295 υπάγοντες·
1247 3259 1264 3289 ,
1378 3213 1397 3289 [
1412 3206 1602 3273 ‘'Oooc

529 3300 688 3382 μετὰ
748 3323 859 3363 του
911 3296 1207 3405 διαβόλου
1253 3291 1601 3360 ἐπαλαισαν

511 3388 636 3449 ·καὶ
685 3386 973 3465 ἐνίκησαν
1006 3379 1220 3491 αυτόν,
1251 3384 1601 3491 ε’στΗεφανω

530 3472 705 3553 μένοι
779 3468 988 3549 εισίν],
1072 3458 1253 3533 ουτοί
1319 3492 1470 3531 εισιν
1544 3494 1600 3532 οι

531 3555 686 3641 ὑπὲρ
731 3563 843 3621 τοῦ
889 3554 1085 3635 νόμου
1131 3553 1468 3628 παθόντες.

1805 2975 1864 3035 p.
1805 2954 2053 3035 p102‚
2094 2956 2295 3019 7-11
2352 2958 2561 3020 latine:

1740 3042 1895 3117 „Qui
1960 3053 2101 3104 sunt
2173 3048 2379 3123 ergo“‚
2451 3045 2712 3129 inquam,

1657 3127 1758 3203 „in
1820 3129 2031 3189 turrim
2093 3139 2303 3192 euntes
2358 3124 2713 3192 coronati“?

1653 3214 1733 3273 ait
1776 3214 1948 3275 mihi:
2000 3216 2392 3296 „Quicunque
2423 3236 2560 3278 cum
2593 3217 2714 3277 dia-

1656 3298 1793 3361 holo
1852 3301 2054 3362 luctati
2114 3302 2384 3364 vicerunt
2427 3322 2586 3379 eum,
2630 3303 2713 3363 illi

1652 3394 1795 3447 sunt
1851 3388 2138 3452 coronati.
2195 3390 2254 3449 hi
2305 3400 2503 3451 autem
2556 3397 2713 3463 sunt,

1653 3473 1788 3552 qui,
1861 3483 1926 3534 ut
1982 3485 2283 3536 servarent
2324 3496 2451 3537 eam
2500 3477 2712 3555 legem,

1650 3559 1909 3639 perpessi
1953 3570 2094 3621 sunt
2131 3561 2353 3641 iniqua.

747 3660 980 3722 uncinis
1022 3660 1250 3721 inclusa
1291 3659 1592 3738 supplevi,
1636 3663 1711 3724 cs.
1755 3661 1913 3723 Pal.:
1963 3673 2061 3739 „et
2106 3664 2220 3724 dixi
2265 3666 2350 3726 ei:
2402 3666 2710 3743 „Domine‚

531 3747 632 3826 qui
690 3757 832 3808 sunt
888 3746 949 3806 in
1010 3755 1233 3807 turrem
1280 3756 1486 3806 euntes
1540 3746 1893 3809 coronati?“
1958 3750 2038 3810 ait
2080 3751 2258 3819 mihi:
2320 3753 2712 3832 „Quicunque

530 3834 732 3895 luctati
796 3842 937 3894 sunt
999 3851 1135 3894 cum
1181 3832 1519 3893 diabolo·et
1565 3833 1831 3897 vicerunt
1875 3855 2043 3910 eum,
2109 3836 2194 3896 illi
2236 3846 2376 3899 sunt
2424 3838 2711 3912 coronati,

527 4002 765 4058 monium
815 4000 874 4055 in
916 4000 1137 4068 Eelogis
1181 4016 1250 4054 ex
1295 4001 1631 4070 propheticis
1668 4006 1716 4056 9.
1754 4006 1819 4057 45
1855 4021 1909 4073 p.
1954 4007 2107 4059 100οε
2167 4006 2194 4073 ἦ
2228 4016 2562 4078 μακροθυμία
2598 4015 2712 4080 γλυ-

530 4092 684 4157 κύτης
729 4096 872 4143 ἐστὶν
907 4089 1034 4159 ὑπὲρ
1071 4090 1132 4140 τὸ
1168 4094 1295 4155 μέλι.
1383 4087 1567 4142 Herm.
1607 4089 1796 4144 Mand.
1839 4091 1907 4157 V,
1947 4093 1969 4143 I
2010 4108 2063 4159 p.
2103 4096 2185 4158 47,
2224 4097 2271 4145 5.
2312 4098 2343 4147 6
2377 4101 2581 4162 βλέπεις
2619 4091 2711 4147 οὖν

527 4177 620 4229 ὅτε
668 4177 694 4239 ἡ
739 4183 1074 4244 μακροθυμία
1119 4178 1406 4244 γλυκυτάτη
1442 4184 1582 4229 ἐστὶν
1620 4179 1747 4248 ὑπὲρ
1786 4180 1845 4230 τὸ
1880 4184 2010 4246 μέλι.
2058 4178 2168 4232 iam
2204 4178 2521 4235 Theodorus
2555 4180 2713 4235 Zahn

523 4261 749 4329 monuit,
785 4260 1025 4329 Sim.IX,
1067 4264 1128 4315 13
1162 4264 1357 4329 p.127,
1382 4266 1442 4316 11
1478 4268 1607 4330 post
1644 4268 1702 4317 τὸ
1742 4268 1907 4335 ὄνομα
1943 4278 2029 4318 me
2064 4263 2339 4320 omisisse:
2380 4277 2471 4320 τοῦ
2511 4271 2641 4320 υἱοῦ.
