3003 5080
1183 367 1365 423 nme
1397 366 1490 424 lx.
2314 366 2400 436 δῦ

217 542 504 623 acceperis
560 544 904 624 petitionem
951 545 1182 609 animae
1224 553 1381 608 tuae.
1427 544 1673 608 forsitan
1722 546 1881 607 enim
1925 554 2169 626 propter
2209 553 2402 608 tenta-

215 645 428 708 tionem
474 656 580 709 aut
621 668 730 732 pro
771 657 1016 730 peccato
1063 656 1202 731 tuo,
1249 649 1412 730 quod
1455 652 1525 710 tu
1569 649 1829 730 ignoraS,
1874 649 2103 712 tardius
2148 650 2399 730 accipies

214 749 548 834 petitionem
592 759 777 816 tuam.
815 753 923 814 sed
953 761 1020 814 tu
1055 752 1175 814 noli
1206 752 1476 815 desinere
1504 753 1763 833 petendo
1794 752 2141 833 petitionem
2172 753 2401 815 animae

213 862 341 916 tuae
399 863 456 916 et
519 855 786 936 accipieS.
835 853 883 917 si
927 863 1124 917 autem
1171 857 1489 919 cessaveris
1534 858 1823 938 petendo,
1898 856 1971 918 de
2013 864 2071 917 te
2116 857 2402 939 queret-ie,

214 975 329 1020 non
391 957 464 1019 de
523 958 669 1034 deo,
742 959 904 1038 quod
957 977 1080 1020 non
1143 959 1369 1021 dederit
1423 959 1550 1021 tibi.
1612 959 1742 1020 vide
1786 978 1927 1040 ergo
1975 958 2399 1022 dubitationem
2458 967 2501 1030 5

213 1059 396 1135 hano,
469 1059 603 1140 quia
663 1061 993 1140 perniciosa
1049 1062 1125 1124 sit
1186 1071 1244 1124 et
1298 1081 1467 1124 saeva
1522 1069 1582 1123 et
1625 1061 1845 1124 multos
1889 1061 2169 1124 radicitus
2212 1062 2406 1127 evellit

211 1182 241 1224 a
283 1163 430 1244 fide,
505 1172 565 1226 et
622 1165 790 1228 valde
846 1165 1048 1228 fideles
1107 1174 1165 1227 et
1207 1165 1431 1228 firmoS.
1505 1165 1723 1228 etenim
1770 1167 1917 1227 haec
1960 1164 2242 1227 dubitatio
2286 1165 2405 1228 filia

211 1275 293 1330 est
335 1267 552 1330 diaboli
596 1276 655 1331 et
698 1269 867 1332 valde
913 1269 1186 1349 nequiter
1229 1269 1352 1350 agit
1389 1270 1463 1331 ad
1504 1288 1711 1331 servos
1756 1269 1867 1332 dei.
1914 1277 2228 1332 contemne
2258 1288 2401 1349 ergo

211 1370 631 1435 dubitationem
684 1380 742 1434 et
795 1372 1194 1435 dominaberis
1249 1373 1375 1434 eius
1431 1372 1495 1436 in
1554 1371 1718 1434 omni
1776 1391 1862 1434 re.
1921 1371 2105 1433 indue
2166 1372 2398 1436 firmam

210 1474 380 1538 fidem
426 1483 486 1536 et
527 1484 854 1556 potentem.
899 1476 1043 1540 fides
1086 1475 1244 1536 enim
1291 1474 1490 1537 omnia
1535 1475 1893 1556 repromittit
1936 1482 1995 1535 et
2025 1475 2224 1536 omnia
2256 1494 2402 1537 con-
2422 1482 2501 1547 10

211 1585 484 1642 summat.
532 1577 816 1641 dubitatio
861 1588 1062 1658 autem
1105 1598 1231 1642 non
1275 1578 1466 1642 credit
1510 1578 1621 1640 sibi
1667 1577 1866 1640 omnia
1909 1578 2228 1659 impetrare
2260 1599 2395 1658 ope-

209 1699 338 1744 rum
411 1700 664 1744 suorum
721 1701 872 1762 quae
930 1682 1067 1762 agit.
1125 1682 1288 1745 vides
1345 1684 1550 1763 ergo“‚
1622 1681 1851 1763 inquit,
1928 1681 2105 1762 „quia
2166 1681 2313 1744 fides
2368 1701 2401 1744 a

213 1804 446 1848 sursum
507 1793 598 1846 est
650 1805 683 1846 a
727 1786 837 1847 deo
856 1832 874 1860 ‚
943 1793 1002 1846 et
1044 1785 1180 1866 quia
1224 1784 1403 1848 habet
1445 1785 1721 1848 virtutem
1772 1804 2067 1866 magnam.
2113 1788 2401 1851 dubitatio

209 1895 398 1952 autem
444 1896 719 1952 terrenus
761 1887 1001 1968 spiritus
1047 1896 1134 1950 est
1178 1897 1236 1950 et
1278 1907 1312 1950 a
1357 1887 1615 1970 diabolo,
1662 1889 1935 1968 virtutem
1983 1909 2107 1952 non
2153 1890 2399 1954 habens.

207 1999 268 2054 tu
312 1991 496 2072 igitur
552 1991 704 2055 servi
749 1991 1024 2054 virtutem
1067 1990 1311 2054 habenti
1351 1990 1507 2052 fidei.
1572 2012 1607 2054 a
1653 1992 2021 2056 dubitatione
2062 1990 2259 2057 autem
2306 2013 2401 2056 re-
2422 2001 2501 2064 15

209 2095 375 2169 cede,
421 2113 573 2175 quae
620 2113 743 2158 non
789 2093 968 2156 habet
1009 2094 1322 2170 virtutem,
1367 2102 1426 2157 et
1467 2095 1627 2157 vives
1672 2097 1806 2170 deo,
1850 2103 1911 2157 et
1951 2115 2162 2160 omnes
2205 2099 2402 2161 vivent

209 2197 312 2262 deo
331 2241 352 2280 ,
399 2197 743 2281 quicunque
786 2197 932 2262 haec
977 2197 1267 2280 egerint“.

207 2376 308 2424 non
341 2371 386 2423 e.
423 2362 582 2433 vat„
619 2363 764 2436 quod
795 2377 904 2422 non
939 2363 1047 2423 cito
1079 2366 1162 2431 D.‚
1203 2361 1334 2436 quia
1367 2364 1475 2422 cito
1510 2380 1617 2421 non
1651 2361 1734 2422 ed.
1769 2383 1869 2436 pr„
1906 2367 2036 2437 quia
2067 2384 2177 2425 non
2210 2369 2318 2428 cito
2351 2389 2402 2427 v.

209 2479 270 2496 -·
303 2456 354 2513 2.
389 2451 628 2522 scaptos
663 2463 708 2510 e.
749 2452 816 2508 D.
851 2452 936 2509 ed.
973 2463 1057 2523 prs
1093 2465 1160 2517 v„
1193 2451 1433 2521 aeoipias
1465 2451 1593 2510 vat.
1628 2478 1695 2493 -
1768 2451 1815 2507 8.
1845 2457 1893 2509 4.
1926 2453 2241 2523 petitionem
2278 2456 2396 2512 ani·

207 2556 327 2599 mae
354 2546 486 2597 tuae
527 2545 584 2595 et
615 2537 866 2613 accipies.
903 2538 950 2594 si
985 2544 1170 2596 autem
1202 2538 1505 2597 cessaveris
1540 2539 1773 2608 petendo
1791 2556 1837 2596 e.
1861 2543 1987 2596 vat.
2008 2543 2404 2613 (cessaveritis)

208 2626 284 2682 ed.
317 2643 397 2701 pr.
434 2643 484 2683 v.
502 2667 518 2691 ‚
553 2641 658 2682 om.
694 2625 760 2679 D.
796 2630 1019 2697 propter
1051 2625 1535 2683 homoeoteleuton.
1570 2654 1637 2665 —
1707 2629 1755 2682 4.
1792 2626 2038 2695 quereris
2076 2645 2119 2685 c.
2151 2628 2219 2684 D.
2256 2632 2402 2700 vat..

209 2713 448 2783 queraris
499 2712 584 2769 ed.
615 2727 696 2785 pr.
731 2730 782 2771 v.
820 2740 884 2753 —
955 2712 1002 2767 6.
1040 2711 1169 2781 quia
1203 2718 1248 2766 c.
1289 2710 1354 2765 D.
1393 2710 1520 2769 Vat.
1557 2707 1640 2767 ed.
1676 2725 1784 2780 pr..
1848 2727 2008 2783 quam
2044 2730 2094 2769 v.
2128 2741 2188 2753 -—-
2233 2715 2306 2769 eit
2346 2722 2403 2773 et

210 2808 364 2856 saeva
397 2808 443 2854 c.
478 2794 541 2851 D.
579 2816 631 2856 v.
649 2839 664 2863 ,
719 2803 806 2853 eet
840 2803 895 2853 et
934 2796 1008 2852 eit
1040 2808 1169 2853 seva
1201 2795 1351 2864 vat,
1393 2804 1480 2853 est
1513 2804 1568 2854 et
1602 2814 1766 2856 saeva
1800 2798 1883 2855 ed.
1916 2815 1999 2869 pr.
2036 2831 2103 2839 —
2139 2798 2321 2857 evellit
2352 2818 2398 2859 e.
2435 2872 2440 2876 Ι

208 2884 270 2944 D.
303 2884 385 2944 ed.
422 2890 503 2955 pr.
521 2925 535 2950 ‚
573 2878 768 2941 evellat
804 2885 929 2942 vat.
963 2902 1012 2940 v.
1047 2912 1117 2924 —
1187 2878 1237 2939 ⁷.
1271 2888 1327 2938 et
1358 2884 1517 2940 valde
1554 2904 1599 2944 c.
1635 2886 1701 2941 D.
1736 2888 1890 2952 Vat.,
1926 2884 2089 2941 etiam
2122 2880 2278 2942 valde
2314 2883 2402 2946 ed.

207 2980 278 3044 pr.
312 2990 358 3027 v.
411 3002 484 3013 —-
553 2966 603 3025 8.
649 2970 723 3026 ad
770 2981 955 3027 servos
989 2986 1038 3027 e.
1075 2972 1137 3024 D.
1171 2966 1293 3027 Vat.
1331 2969 1413 3027 ed.
1447 2987 1533 3042 pr.
1548 3014 1563 3041 ,
1614 2989 1736 3029 cum
1772 2972 1941 3029 servis
1974 2990 2023 3028 v.
2062 3000 2126 3013 —
2198 2972 2244 3027 9.
2280 2973 2401 3031 eius

209 3070 250 3112 c.
279 3054 430 3123 vat„
468 3056 520 3113 ei
553 3054 644 3121 D.‚
679 3054 828 3111 illius
864 3055 947 3111 ed.
981 3071 1064 3126 pr.
1101 3074 1148 3110 v.
1193 3084 1254 3095 -—
1331 3056 1411 3111 10.
1447 3054 1585 3114 fides
1620 3074 1663 3113 c.
1701 3054 1766 3115 D.
1804 3058 1889 3117 ed.
1923 3075 2005 3128 pr.
2040 3075 2115 3123 v.‚
2149 3058 2398 3116 fidelibus

209 3146 322 3198 vat.
375 3174 444 3185 —
516 3144 600 3201 10.
654 3144 732 3198 11.
779 3147 1116 3217 consummat
1157 3142 1398 3213 (τελειοῖ)
1444 3156 1490 3199 c.
1514 3148 1647 3213 ant.
1696 3145 1780 3201 ed.
1829 3161 1909 3217 pr.
1948 3146 2283 3214 (consumat)
2329 3164 2401 3213 v..

208 3230 466 3287 consumit
502 3232 558 3286 D.
595 3258 661 3269 —
704 3266 705 3269 =
733 3230 816 3286 11.
857 3231 937 3285 12.
988 3244 1096 3286 non
1129 3224 1302 3285 credit
1337 3227 1440 3285 sibi
1474 3230 1655 3287 omnia.
1688 3230 1978 3301 impetrare
2014 3240 2247 3301 operum‘
2276 3248 2399 3290 suo-

207 3326 319 3372 rum
366 3310 468 3389 (μῆ,
509 3317 956 3371 καταπιστεύαυσα
1001 3317 1158 3384 ἑαυτῇ
1207 3318 1420 3370 πάντων
1469 3318 1825 3390 ἀποτυγχάνει
1874 3325 1980 3372 ’τῶν
2016 3320 2176 3389 ἔργων
2213 3320 2399 3388 αὐτῆς)

209 3400 410 3461 emend.
425 3444 440 3468 ‚
494 3415 604 3459 non
665 3402 838 3458 credit
899 3400 1003 3459 eibi
1063 3400 1208 3459 omni
1268 3400 1405 3472 (tale
1467 3394 1583 3458 fere
1626 3406 1741 3459 voc.
1793 3398 2029 3459 deletum
2075 3408 2161 3458 est
2203 3402 2260 3458 in
2303 3400 2397 3471 D.)

207 3488 465 3561 imperare
515 3496 739 3559 operum
787 3498 1004 3545 suorum
1048 3489 1113 3544 D.
1161 3482 1281 3544 Vat.
1298 3529 1313 3555 ,
1367 3505 1475 3545 non
1522 3487 1693 3545 credit
1728 3483 1833 3545 sibi
1865 3478 2089 3559 aliquid'
2104 3490 2396 3558 impetrare

208 3577 449 3632 omnibus
502 3574 756 3647 operibus
810 3576 927 3631 suis
981 3574 1064 3632 ed.
1120 3591 1197 3645 pr.
1212 3615 1227 3639 ‚
1279 3591 1387 3630 non
1433 3574 1605 3629 credit
1653 3590 1713 3629 se
1748 3574 1957 3645 aliquid
1988 3572 2398 3643 impetraturam

209 3656 446 3720 omnibus
482 3662 738 3731 operibus
773 3662 889 3717 suis
921 3680 970 3717 v.
1020 3691 1082 3702 -
1156 3662 1238 3717 12.
1275 3676 1402 3733 ergo
1437 3678 1482 3717 c.
1517 3660 1638 3717 Vat.
1680 3658 1764 3715 ed.
1800 3676 1882 3731 pr.
1917 3677 1992 3727 v.,
2027 3660 2193 3729 igitur
2225 3658 2289 3715 D.
2328 3690 2394 3700 -—

209 3744 328 3818 quia
361 3757 410 3806 c.
446 3746 516 3806 D.
550 3748 676 3803 Vat.
711 3745 792 3803 ed.
826 3765 903 3818 pr.
922 3788 936 3813 ,
993 3743 1137 3817 quod
1171 3766 1218 3804 v.
1256 3777 1319 3788 -
1395 3746 1476 3804 12.
1516 3744 1598 3802 ¹13.
1648 3762 1683 3802 a
1728 3760 1943 3802 sursum
1988 3745 2083 3815 (cf.
2130 3740 2395 3803 Roenech.

208 3835 238 3889 1.
269 3836 308 3891 1.
343 3844 396 3905 p.
423 3832 553 3903 232)
589 3847 634 3889 e.
673 3833 741 3887 D.
779 3832 926 3899 vat„
961 3832 1029 3888 de
1066 3840 1280 3909 sursum
1315 3831 1398 3890 ed.
1433 3849 1514 3906 pr.
1547 3849 1597 3887 v.
1636 3861 1697 3871 -
1742 3830 1822 3886 13.
1860 3837 1915 3886 et
1948 3831 2075 3901 quia
2112 3849 2154 3888 c.
2184 3827 2250 3888 D.
2272 3829 2397 3888 vat.

209 3917 286 3978 ed.
318 3936 396 3993 pr.
412 3961 427 3987 ,
462 3924 520 3975 et
551 3938 599 3975 v.
639 3948 700 3962 -
737 3920 902 3977 habet
931 3920 1184 3976 virtutem
1224 3933 1472 3990 magnam
1506 3933 1550 3972 c.
1588 3920 1651 3977 D.
1686 3918 1769 3975 ed.
1800 3935 1880 3988 pr.
1915 3936 1979 3982 v..
2016 3933 2265 3991 magnam
2296 3918 2395 3975 ha·

209 4006 296 4063 bet
325 4006 576 4063 virtutem
611 4005 738 4063 Vat.
780 4035 844 4047 -
887 4008 965 4061 15.
1001 4006 1142 4061 servi
1175 4006 1432 4075 (δούλευε)
1467 4020 1513 4059 c.
1553 4004 1709 4072 vict„
1744 4020 1901 4061 serva
1930 4003 1998 4060 D.
2036 4004 2161 4060 vat.
2197 4004 2279 4060 ed.
2314 4021 2396 4074 pr.

209 4104 252 4147 v.
290 4122 350 4135 -
403 4088 625 4150 habenti
669 4086 796 4150 fidei
831 4109 874 4149 e.
912 4087 1037 4150 vat.
1071 4086 1240 4159 vict„
1299 4088 1586 4149 habentem
1622 4087 1781 4147 fidem
1814 4086 1873 4147 C.
1906 4080 2001 4155 D.‚
2050 4089 2251 4164 habita,
2268 4088 2396 4147 fidei

209 4175 286 4243 h,
314 4168 442 4236 fidei
473 4172 560 4235 ed.
593 4185 677 4249 pr.
710 4196 758 4235 v.
803 4206 861 4219 -—
903 4175 986 4237 1⁷.
1019 4179 1229 4251 egerint
1244 4194 1292 4235 c.
1312 4173 1439 4239 Vat.
1453 4194 1526 4246 v„
1560 4182 1787 4251 egerunt
1801 4168 1886 4245 D„
1921 4173 2092 4250 egerit
2113 4166 2199 4235 ed.
2218 4192 2299 4248 pr.
2320 4208 2390 4221 -—
