3003 5080
1118 379 1232 437 Vis.
1269 379 1358 448 IV,
1395 384 1447 444 ,2.
1482 384 1530 437 3.
2329 380 2413 448 33

223 553 460 616 tentiam
522 555 775 618 feceritis
835 575 905 618 ex
952 565 1078 618 toto
1126 557 1304 618 corde
1349 565 1544 618 vestro
1591 556 1662 617 ad
1709 555 2039 632 dominum]
2060 604 2076 632 ‚
2148 555 2414 638 poteritis

223 658 480 738 effugere
531 658 729 741 illam,
803 661 853 721 si
912 679 1016 720 cor
1073 671 1331 722 vestrum
1397 660 1572 722 fuerit
1614 680 1833 742 purum
1879 679 1946 722 ac
1990 661 2119 722 sine
2158 660 2410 736 macula,

223 770 277 822 et
333 759 594 840 reliquos
651 763 774 824 dies
838 763 982 825 vitae
1027 772 1253 826 vestrae
1296 762 1617 854 servieritis
1665 764 1775 825 deo
1821 765 1950 826 sine
1996 765 2254 844 querela.
2300 765 2415 825 im-

223 864 434 927 mittite
479 866 908 928 sollicitudines
951 877 1174 929 vestras
1219 886 1398 949 super
1443 867 1775 942 dominum,
1818 868 2025 949 etipse
2056 867 2266 949 diriget
2296 887 2411 930 eae.

225 969 442 1031 credite
487 971 630 1046 deo,
678 969 779 1048 qui
823 971 966 1031 estis
1013 970 1197 1046 dubii,
1245 971 1525 1051 quoniam
1575 971 1773 1032 omnia
1803 980 2015 1054 potest,
2062 981 2121 1034 et
2151 981 2415 1034 avertere
2476 965 2517 1030 5

223 1073 368 1134 iram
425 1093 592 1135 suam
651 1093 682 1134 a
742 1072 910 1134 vobis
967 1083 1026 1136 et
1080 1075 1310 1136 mittere
1370 1074 1535 1136 vobis
1580 1073 1876 1156 suffragia.
1920 1095 2023 1138 vae
2067 1075 2259 1138 dubiis
2302 1076 2415 1152 his,

227 1177 324 1258 qui
394 1177 688 1239 audierint
745 1177 920 1239 verba
980 1177 1124 1239 haec
1183 1187 1242 1240 et
1295 1178 1781 1259 contempserint.
1846 1179 2055 1242 melius
2116 1190 2241 1242 erat
2302 1179 2416 1240 illis

227 1301 347 1343 non
394 1281 618 1344 nasci“.

439 1379 848 1466 ³interrogavi
907 1404 1035 1447 eam
1101 1385 1171 1446 de
1229 1385 1340 1446 illis
1401 1393 1656 1465 quatuor
1709 1386 2043 1461 coloribuS‚
2114 1405 2265 1466 quos
2310 1387 2417 1448 ha·-

229 1488 405 1550 bebat
458 1489 642 1551 bestia
702 1489 760 1550 in
808 1489 1014 1569 capite.
1060 1498 1120 1549 at
1165 1488 1263 1550 illa
1307 1488 1609 1569 respondit
1652 1490 1795 1550 mihi
1837 1490 2073 1552 dicens:
2154 1490 2412 1568 „Iterum
2438 1485 2519 1550 1⁰

229 1602 288 1653 tu
335 1576 607 1653 curiosus
651 1612 713 1653 es
755 1593 826 1654 de
867 1592 1206 1654 huiusmodi
1250 1592 1429 1654 rebus
1473 1593 1913 1672 interrogans“.
1958 1602 2014 1655 et
2059 1593 2208 1656 dixi:
2254 1593 2416 1671 „Do-

230 1695 426 1770 mina‚
464 1695 805 1757 demonstra
849 1695 1025 1772 mihi,
1071 1696 1211 1776 quid
1255 1696 1372 1758 sint
1414 1694 1578 1762 illa“.
1668 1696 1925 1774 „Audi“,
1972 1697 2183 1780 inquit,
2232 1695 2416 1776 „illud

231 1799 465 1879 nigrum
527 1799 788 1862 mundus
846 1807 969 1873 est,
1040 1799 1100 1860 in
1147 1818 1266 1880 quo
1313 1801 1788 1865 commoramini.
1833 1801 2074 1880 igneum
2119 1809 2316 1862 autem
2363 1810 2422 1861 et

230 1903 784 1984 sanguinolentum,
846 1903 1125 1984 quoniam
1173 1912 1408 1983 oportet
1451 1905 1719 1966 seculum
1765 1906 1880 1966 hoc
1919 1923 2025 1985 per
2066 1903 2419 1984 sanguinem

192 2016 288 2068 ·et
343 2005 543 2087 ignem
605 2006 891 2088 deperire.
953 2025 1129 2068 aurea
1178 2015 1372 2069 autem
1415 2026 1554 2088 pars
1597 2027 1701 2069 vos
1744 2009 1882 2071 estis
1905 2055 1921 2088 ,
1992 2007 2093 2088 qui
2139 2006 2422 2087 effugistis
2445 2005 2523 2071 15

231 2111 496 2173 seculum
554 2111 689 2174 hoc.
749 2110 903 2172 sicut
958 2110 1115 2172 enim
1173 2129 1280 2192 per
1331 2110 1531 2191 ignem
1590 2131 1801 2174 aurum
1847 2111 2135 2194 probatur
2178 2120 2237 2174 et
2280 2110 2423 2173 utile

228 2214 325 2290 fit,
371 2214 456 2276 sic
498 2223 556 2277 et
597 2233 700 2276 vos
743 2214 1112 2296 probamini,
1175 2214 1276 2294 qui
1319 2214 1590 2276 habitatis
1636 2215 1696 2277 in
1741 2213 1873 2278 illis.
1921 2215 2023 2296 qui
2065 2215 2243 2296 igitur
2285 2233 2423 2294 per-

230 2319 554 2381 manserint
596 2327 656 2382 et
696 2317 928 2399 probati
977 2318 1200 2380 fuerint
1241 2317 1313 2379 ab
1358 2318 1474 2394 eiS‚
1535 2319 1971 2399 purgabuntur.
2019 2328 2079 2381 et
2120 2319 2273 2380 sicut
2316 2336 2423 2380 au-

232 2441 360 2484 rum
421 2422 780 2484 emundatur
841 2431 899 2484 et
942 2422 1186 2485 remittit
1226 2422 1464 2484 sordem
1510 2441 1713 2499 suam,
1786 2424 1871 2486 sic
1914 2432 1973 2486 et
2014 2442 2118 2484 vos
2164 2421 2423 2488 abicietis

364 2632 411 2687 1.
446 2627 659 2685 uncinis
695 2627 906 2683 inclusa
943 2627 1186 2696 supplevi
1223 2642 1254 2683 e
1288 2626 1402 2682 Pal.
1419 2668 1433 2693 ,
1480 2627 1545 2683 cf.
1583 2643 1663 2698 gr.
1700 2659 1766 2670 —
1838 2631 1885 2683 1.
1924 2631 1971 2683 2.
2006 2625 2255 2697 poteritis
2290 2626 2425 2681 effu-

229 2731 354 2786 gere
385 2716 537 2772 illam
573 2716 882 2783 (δυνήσεσθε
921 2720 1158 2785 ἐκφυγεῖν
1195 2713 1384 2783 αὐτὴν)
1421 2729 1466 2768 c.
1506 2713 1588 2768 ed.
1625 2728 1706 2781 pr.
1745 2731 1821 2779 v.‚
1870 2712 2109 2783 effugere
2143 2727 2239 2769 vos
2274 2712 2427 2768 illam

137 2788 146 2815 ¹
230 2805 303 2868 D.,
337 2802 580 2873 effugere
611 2804 737 2858 vat.
774 2831 841 2840 —
879 2802 926 2857 3.
961 2799 1103 2856 vitae
1142 2804 1354 2855 vestrae
1391 2799 1489 2868 (cf.
1526 2803 1624 2868 gr.)
1662 2814 1707 2852 c.
1739 2802 1799 2853 D.
1840 2816 1950 2856 var.
1988 2800 2111 2855 lect.
2149 2798 2231 2854 ed.
2255 2798 2423 2855 Oxou.

229 2889 432 2957 Brenn„
466 2889 608 2946 vitae
624 2887 746 2943 Vat.
767 2887 854 2944 ed.
875 2903 974 2955 pr„
1008 2891 1217 2943 vestros
1235 2885 1348 2942 Cot.
1369 2914 1431 2926 —
1471 2887 1519 2940 3.
1542 2890 1591 2945 4.
1611 2886 1882 2942 immittite
1905 2904 1948 2943 e.
1971 2890 2031 2940 D.
2053 2884 2139 2943 ed.
2160 2900 2241 2954 pr.
2261 2904 2326 2952 ι,
2343 2886 2426 2940 in-

230 2975 406 3033 iunete
425 2976 548 3031 Vct.
584 3005 652 3016 —
689 2979 737 3029 4.
775 2973 1144 3030 solicitudines
1164 2973 1230 3028 D.
1257 3002 1320 3015 -
1348 2972 1545 3042 diriget
1577 2988 1674 3029 eas
1710 2989 1752 3030 c.
1771 2977 1831 3030 D.
1851 2972 1929 3041 (L.
1945 2974 1997 3041 Ρ)
2018 2972 2104 3030 ed.
2126 2988 2205 3042 pr.
2224 2974 2426 3038 Dress„

230 3061 412 3133 dirigit
448 3077 542 3119 eos
559 3061 700 3129 Vat„
737 3061 934 3131 dirigat
969 3076 1062 3116 eas
1083 3060 1198 3118 Cot.
1216 3092 1282 3101 --
1323 3059 1593 3117 5.credite
1613 3076 1659 3115 c.
1681 3063 1739 3112 D.
1763 3059 1846 3114 ed.
1865 3076 1949 3129 pr.
1968 3076 2030 3123 v.‚
2066 3059 2285 3116 creditis
2303 3058 2426 3115 Vat.

233 3178 294 3189 —
343 3150 526 3206 omnia
565 3152 802 3217 (πάντα)
838 3165 887 3205 c.
930 3147 1053 3203 Vat.
1094 3146 1176 3202 ed.
1213 3163 1291 3215 pr.
1329 3164 1414 3211 v.‚
1449 3160 1549 3215 per
1583 3145 1760 3201 omnia
1796 3149 1889 3213 D.,
1940 3162 2039 3201 om.
2074 3146 2135 3200 B.
2168 3145 2234 3205 L.
2268 3177 2335 3186 —
2374 3150 2430 3200 et

231 3242 472 3292 avertere
519 3241 631 3297 (nat
680 3238 1028 3307 ἀποστρέψαι)
1063 3250 1107 3288 c.
1144 3233 1226 3288 ed.
1263 3250 1341 3305 pr.
1379 3250 1452 3299 v.‚
1512 3240 1756 3288 avertere
1790 3232 1849 3288 B.
1883 3237 1940 3287 D.
1982 3233 2041 3289 L.
2076 3232 2199 3289 Vat.
2240 3262 2303 3273 —
2374 3236 2426 3287 6.

233 3321 492 3393 suffragia
525 3337 569 3375 c.
609 3324 670 3378 D.
707 3321 1005 3393 (sufragia)
1037 3320 1160 3376 Vet.
1205 3319 1290 3375 ed.
1325 3335 1434 3389 pr„
1480 3318 1757 3387 praesidia
1789 3308 1855 3386 ἡ.
1880 3348 1939 3362 -
1980 3318 2070 3374 his
2106 3333 2150 3372 c.
2194 3322 2250 3373 D.
2287 3317 2427 3385 Vat„

231 3422 298 3462 us
333 3409 642 3553 effumiitve.
677 3496 744 3549 D.
785 3494 869 3550 ed.
905 3510 984 3563 pr.
1021 3512 1087 3558 ι,
1124 3508 1187 3549 ac
1224 3498 1346 3549 vat.
1383 3524 1451 3533 -—
1519 3496 1599 3548 11.
1637 3492 1704 3548 de
1738 3488 2047 3547 huiusmodi
2081 3490 2245 3546 rebus
2280 3490 2427 3560 (περὶ

233 3586 478 3637 τοιούτων
527 3584 876 3655 πραγμάτων)
909 3598 957 3639 c.
994 3580 1076 3654 ed.
1110 3595 1188 3651 pr.
1225 3598 1301 3646 v.,
1359 3579 1426 3634 de
1473 3579 1637 3635 huius
1688 3580 1852 3635 rebus
1900 3582 1992 3645 D.,
2044 3577 2112 3632 de
2158 3575 2267 3631 illis
2316 3581 2427 3644 (ex-

230 3670 504 3737 punctum)
536 3670 700 3724 rebus
735 3667 860 3725 Vat.
897 3696 961 3707 --
1019 3670 1097 3722 12.
1139 3666 1246 3722 sint
1280 3683 1324 3723 c.
1359 3665 1482 3723 Vat.
1518 3667 1605 3724 ed.
1641 3681 1725 3735 pr.
1759 3684 1823 3733 v.,
1858 3671 1984 3721 sunt
2015 3668 2075 3718 D.
2110 3692 2180 3705 -
2216 3665 2299 3718 12.
2340 3664 2426 3722 13.

231 3752 362 3809 illud
396 3754 611 3825 nigrum
647 3772 690 3811 c.
729 3752 854 3809 Vat.
897 3752 980 3809 ed.
1015 3743 1094 3821 pr.
1130 3771 1197 3817 v..
1231 3753 1383 3809 illum
1417 3753 1631 3824 nigrum
1666 3753 1899 3809 colorem
1918 3754 1979 3808 D.
2015 3758 2083 3793 -ἑ
2142 3755 2223 3806 15.
2260 3766 2429 3808 aurea

235 3857 276 3895 c.
309 3845 370 3894 D.
411 3842 496 3896 ed.
531 3858 608 3909 pr.
651 3859 732 3905 v.‚
791 3854 1018 3896 aureum
1061 3839 1186 3895 Vat.
1224 3866 1289 3881 -·
1365 3842 1447 3897 16.
1490 3856 1592 3909 per
1634 3840 1812 3910 ignem
1856 3854 2047 3894 aurum
2095 3855 2140 3896 c.
2174 3837 2301 3894 Vat.
2339 3837 2425 3893 ed.

234 3941 309 3993 pr.
349 3945 428 3993 ν..
462 3943 655 3983 aurum
688 3943 786 3998 per
818 3928 997 3998 ignem
1032 3931 1092 3983 D.
1134 3957 1202 3967 —
1274 3928 1353 3981 17.
1387 3926 1589 3983 habitis
1621 3926 1745 3982 Vat.
1780 3954 1849 3966 —
1920 3927 2002 3978 17.
2045 3927 2129 3982 18.
2180 3940 2429 3997 perman-

236 4013 401 4069 serint
437 4031 482 4071 e.
523 4016 583 4069 D.
618 4015 743 4073 Vat.
780 4014 861 4070 ed.
897 4030 976 4084 pr.
1014 4032 1062 4072 v.
1080 4056 1094 4081 ‚
1153 4012 1551 4085 permanserint
1585 4018 1641 4068 et
1673 4012 2135 4084 perseveraverint
2166 4011 2231 4071 B.
2265 4012 2325 4068 L.
2340 4066 2351 4077 ,
2366 4040 2429 4053 -

241 4099 314 4155 18.
363 4101 433 4156 ab
470 4100 578 4169 eis,
634 4102 724 4155 ὑπ’
765 4103 925 4155 αὐτοῦ
962 4101 1084 4169 (τοῦ
1129 4103 1322 4173 πυρός).
1357 4132 1426 4143 -·
1498 4104 1579 4156 19.
1613 4099 1935 4156 emundatur
1969 4115 2013 4156 c.
2052 4098 2093 4154 0
2143 4101 2205 4156 D.
2240 4097 2308 4158 G,
2342 4097 2429 4155 ed.

237 4200 310 4259 pr.
345 4192 524 4245 DresS.
537 4230 552 4255 ,
608 4187 926 4244 emendetur
966 4191 1089 4242 vat.
1130 4187 1252 4246 Cot.
1283 4218 1352 4229 -

302 4300 684 4360 Hilgenfeld,
725 4301 912 4345 Hermae
947 4300 1119 4348 Pastor.
1982 4272 2025 4340 3
