3003 5080
1110 450 1278 535 sim'n.
1313 476 1455 547 vm,
1494 484 1542 535 1.
1577 482 1627 535 2.
2376 474 2461 540 99

266 634 546 733 gaudium
636 652 836 734 cepit,
925 660 984 714 et
1066 653 1127 715 hi
1215 670 1486 716 seorsum
1574 651 2003 715 statuebantur.
2088 649 2185 711 alii
2255 650 2466 711 affere-

265 754 412 817 bant
463 754 654 835 virgas
711 774 848 817 suas
906 752 1120 819 virides
1178 765 1238 818 et
1293 756 1607 837 pampinos
1662 754 1985 835 habenteS,
2058 762 2118 815 et
2174 751 2236 815 hi
2297 767 2463 814 seor-

265 876 399 919 sum
471 858 898 920 statuebantur.
970 866 1031 920 et
1103 859 1215 921 hos
1289 876 1529 937 quoque
1583 856 1840 918 nuncius
1894 856 1991 917 ille
2044 867 2259 935 magna
2314 855 2463 916 hila·

263 960 435 1021 ritate
494 961 780 1041 capiebat.
847 961 941 1023 alii
998 962 1324 1024 afferebant
1381 962 1574 1041 virgas
1633 979 1769 1021 suas
1815 959 2058 1033 vis-ides,
2132 978 2204 1020 ex
2248 957 2463 1036 quibus

264 1072 645 1125 excreverant
704 1063 966 1143 pampini
1023 1083 1262 1140 earum.
1336 1063 1436 1143 qui
1490 1061 1755 1143 pampini
1800 1061 2120 1123 afferebant
2162 1060 2460 1140 quendam
2519 1052 2563 1115 5

265 1166 549 1227 fructum.
610 1184 817 1226 eorum
874 1165 1134 1228 virorum
1154 1213 1171 1248 ,
1247 1167 1349 1247 qui
1407 1163 1748 1227 huiusmodi
1805 1164 1998 1243 virgas
2055 1162 2459 1244 porrigebant,

260 1268 434 1329 valde
475 1268 692 1329 hilares
734 1277 903 1330 erant
933 1269 1152 1331 vultus.
1194 1270 1295 1330 sed
1327 1278 1388 1330 et.
1415 1267 1672 1329 nuncius
1698 1267 1827 1346 ipse
1854 1266 2087 1346 quidem
2121 1285 2193 1327 ex
2219 1265 2303 1326 eis
2332 1282 2458 1325 ma-

263 1388 443 1451 gnam
474 1370 748 1433 laetitiam
775 1371 1154 1453 percipiebat.
1200 1390 1310 1433 nec
1333 1371 1533 1432 minus
1553 1380 1755 1451 pastor
1778 1370 1876 1431 ine
1901 1388 2039 1431 cum
2059 1388 2128 1431 eo
2150 1385 2222 1429 ex
2248 1366 2455 1428 eadem

262 1492 444 1535 causa
514 1473 866 1535 hilaritatem
934 1475 1219 1556 capiebat.
1321 1472 1355 1512 ²
1386 1481 1533 1535 tunc
1600 1472 1856 1535 nuncius
1912 1470 2137 1533 domini
2199 1486 2456 1532 coronas

259 1575 435 1637 iussit
477 1576 693 1638 afferri.
738 1576 946 1639 allatae
992 1585 1136 1639 sunt
1176 1577 1336 1638 enim
1380 1594 1639 1638 coronae
1681 1575 1843 1636 velut
1883 1592 1955 1636 ex
1996 1573 2207 1655 palmis
2248 1573 2453 1652 sactae,
2476 1556 2557 1633 10

257 1687 322 1739 et
363 1678 670 1741 coronavit
709 1698 812 1740 eos
855 1680 1031 1755 viroS‚
1073 1694 1327 1759 quorum
1371 1679 1434 1741 in
1477 1678 1658 1758 virgis
1697 1678 2116 1759 pampinorum
2146 1674 2455 1737 invenerat

259 1781 556 1861 fructum,
601 1788 663 1841 et
695 1782 868 1843 iussit
909 1802 1011 1843 eos
1055 1782 1140 1843 ire
1182 1782 1246 1842 in
1290 1782 1523 1843 turrim.
1569 1782 1673 1842 sed
1716 1788 1776 1841 et
1814 1781 1949 1841 illos
1992 1778 2149 1840 viros
2190 1778 2349 1839 misit
2386 1778 2451 1838 in

254 1884 508 1957 turrim,
551 1902 808 1963 quorum
854 1884 914 1945 in
957 1885 1135 1964 virgis
1177 1884 1304 1945 sine
1348 1884 1547 1945 fructu
1591 1882 1897 1945 invenerat
1939 1879 2267 1963 pampinos,
2314 1880 2454 1941 dato

257 1985 347 2045 eis
393 1984 603 2063 sigillo.
650 2004 788 2046 nam
834 1993 1054 2062 vestem
1101 1986 1349 2047 eandem
1392 1986 1708 2066 habebant,
1753 1985 1811 2046 id
1844 1994 1932 2047 est
1958 1983 2267 2045 candidam
2297 1982 2453 2043 sicut

257 2087 496 2161 nivem,
567 2106 702 2148 cum
762 2088 979 2168 quibus
1033 2088 1270 2150 iubebat
1323 2087 1409 2149 ire
1451 2088 1514 2147 in
1559 2087 1792 2163 turrim,
1834 2104 1947 2149 nec
1986 2087 2184 2148 minus
2227 2096 2287 2148 et
2327 2070 2552 2160 eoS,15

255 2190 366 2267 qui
421 2189 797 2251 reddiderant
840 2190 1029 2269 virgas
1073 2210 1241 2263 suaS‚
1314 2190 1468 2251 sicut
1509 2199 1567 2251 et
1609 2198 1977 2271 acceperant,
2024 2191 2267 2271 virides,
2314 2189 2449 2251 data

253 2292 345 2354 eis
389 2303 546 2355 veste
590 2291 859 2367 candida,
903 2304 962 2355 et
1003 2293 1090 2353 sic
1133 2312 1236 2354 eos
1281 2292 1503 2354 dimisit
1536 2292 1597 2354 in
1625 2292 1860 2355 turrim.
1903 2292 1997 2353 his
2024 2292 2451 2355 consummatis

253 2395 343 2457 ait
383 2396 458 2456 ad
501 2403 801 2474 pastorem
844 2394 1047 2457 illum:
1116 2396 1283 2475 „Ego
1329 2395 1517 2477 vado,
1579 2404 1647 2458 tu
1691 2414 1831 2457 vero
1873 2395 2101 2457 dimitte
2143 2396 2253 2457 hos
2295 2396 2451 2458 intra

399 2598 447 2652 3.
485 2600 537 2654 4.
580 2613 776 2666 magna
808 2597 1082 2654 hilaritate
1115 2599 1363 2669 capiebat
1398 2613 1442 2652 c.
1471 2597 1542 2651 ·D.
1577 2597 1639 2653 L.
1675 2599 1827 2662 vat„
1880 2612 2077 2666 magna.
2108 2611 2232 2654 cum
2264 2597 2453 2653 hilari-

251 2686 372 2737 tate
409 2681 708 2752 excipiebat
745 2683 832 2741 ed.
869 2699 951 2753 pr.
983 2700 1035 2743 v.
1072 2713 1141 2726 —
1211 2689 1257 2738 5.
1296 2699 1481 2738 earum
1495 2725 1510 2748 ‚
1546 2684 1638 2752 qui
1671 2697 1720 2740 c.
1755 2685 1879 2738 Vat.
1912 2681 1999 2738 ed.
2036 2697 2116 2750 pr.
2150 2700 2199 2736 v.
2214 2724 2227 2749 ‚
2263 2699 2451 2738 eomm

251 2782 368 2837 que
400 2767 499 2832 D.‚
533 2781 826 2838 earumque
859 2769 918 2824 Β.
953 2799 1024 2812 --
1093 2775 1141 2826 5.
1179 2771 1228 2826 6.
1263 2769 1565 2825 afferebant
1597 2767 1863 2837 quendam
1895 2766 2130 2822 fructum
2166 2782 2211 2821 c.
2244 2768 2327 2822 D..
2367 2770 2449 2824 af-

249 2853 508 2909 ferebant
540 2853 988 2922 quodammodum
1023 2855 1291 2924 quendam
1312 2854 1545 2909 fructum
1563 2853 1704 2918 Vat„
1739 2853 2040 2909 afferebant
2057 2853 2317 2922 quosdam
2335 2853 2450 2908 fru-

252 2946 380 2996 etus
417 2939 502 2996 ed.
536 2955 644 3009 pr.‚
697 2940 966 3008 quendam
1014 2941 1252 2996 fructum
1284 2939 1587 2994 afferebant
1618 2939 1708 3004 L.,
1760 2939 2024 3008 quosdam
2056 2939 2265 2995 fructus
2298 2940 2450 2995 adfe-

251 3027 453 3080 rebant
484 3041 532 3081 v.
565 3056 636 3066 -
707 3029 756 3083 6.
791 3041 978 3082 eorum
1009 3027 1246 3082 virorum
1279 3040 1324 3078 c.
1359 3025 1423 3081 D.
1464 3024 1543 3087 L.,
1574 3025 1809 3080 virorum
1842 3039 2027 3082 eorum
2067 3027 2205 3089 vat„
2239 3041 2340 3082 om.
2365 3025 2449 3081 ed.

252 3122 339 3180 pr.
380 3124 430 3166 v.
464 3139 535 3152 -
605 3115 655 3167 7.
700 3111 879 3166 vultus
928 3111 1020 3174 (cf.
1055 3115 1155 3181 gr.)
1203 3111 1413 3169 emend.
1429 3151 1444 3177 ,
1495 3111 1649 3165 ‘vultu
1681 3109 1835 3166 codd.
1874 3119 1929 3165 st
1962 3111 2081 3166 edd.
2115 3141 2185 3154 -—
2218 3112 2451 3168 nuncius

253 3194 380 3263 ipse
413 3211 458 3250 c.
491 3195 560 3252 D.
596 3213 675 3260 ι,
733 3196 852 3264 ipse
886 3199 1116 3254 nuncius
1149 3197 1301 3264 vat„
1353 3198 1579 3265 angelus
1613 3195 1697 3251 ed.
1731 3211 1811 3265 pr.
1841 3227 1911 3238 -—
1964 3212 2029 3250 ex
2063 3197 2144 3251 eis
2178 3213 2227 3254 c.
2264 3198 2331 3254 D.
2360 3198 2449 3256 od.-

253 3296 344 3349 pr.
378 3297 454 3345 v..
493 3296 558 3334 ex
591 3280 727 3349 ipsis
768 3283 890 3339 vat.
927 3309 988 3324 --
1063 3285 1143 3339 10.
1185 3283 1327 3337 enim
1361 3299 1406 3338 e.
1441 3282 1507 3337 D.
1543 3281 1665 3338 Vat.
1701 3281 1783 3336 ed.
1817 3297 1926 3350 pr..
1961 3289 2143 3337 autem
2174 3300 2223 3336 v.
2256 3314 2327 3324 —
2362 3299 2449 3340 oo·-

251 3381 430 3422 ronae
463 3366 560 3435 (cf.
596 3368 698 3435 gr.)
731 3383 774 3423 c.
812 3367 898 3421 ed.
939 3384 1018 3437 pr.
1051 3386 1118 3435 v.,
1153 3385 1256 3424 om.
1288 3367 1353 3424 D.
1389 3368 1599 3423 Vat.—
1638 3372 1717 3423 11.
1754 3383 1847 3424 eos
1878 3367 2025 3422 viros
2058 3371 2195 3434 (τοὺς
2230 3371 2454 3440 ἄνδρας)

253 3469 302 3508 c.
321 3451 392 3508 D.
431 3451 574 3516 Vct„
607 3451 731 3506 illos
765 3450 910 3507 viros
943 3455 1167 3524 angelus
1201 3453 1285 3510 ed.
1314 3469 1416 3522 pr..
1452 3467 1548 3509 eos
1580 3454 1725 3508 viros
1756 3454 1980 3508 nuntius
2012 3471 2061 3508 v.
2110 3481 2173 3496 ·-
2221 3466 2451 3525 qnorum

251 3536 316 3591 in
351 3552 400 3591 c·
436 3535 504 3591 D.
542 3537 694 3602 Van,
729 3535 787 3592 in
820 3552 1044 3606 quorum
1079 3539 1160 3596 ed.
1195 3556 1273 3610 pr.
1305 3555 1354 3596 v.
1389 3569 1459 3580 —
1532 3543 1609 3594 11.
1649 3541 1731 3597 12.
1765 3540 2138 3608 pampinorum
2169 3540 2451 3596 invenerat

250 3621 498 3676 fructum
543 3634 592 3674 c.
637 3621 705 3678 D.
737 3621 802 3679 L.
841 3623 990 3691 Vat„
1044 3625 1328 3694 pampinos
1371 3625 1649 3680 invenerat
1692 3631 1746 3680 et
1790 3625 2025 3682 fructum
2056 3625 2141 3680 ed.
2178 3641 2256 3695 pr.
2292 3642 2343 3684 v.
2378 3653 2447 3670 -·

257 3711 344 3763 13.
382 3723 609 3774 quorum
642 3707 700 3762 in
739 3725 782 3765 c.
817 3708 882 3764 D.
917 3710 1055 3777 Vat„
1087 3710 1145 3764 in
1181 3726 1408 3779 quorum
1442 3711 1529 3768 ed.
1563 3725 1644 3779 pr.
1677 3726 1724 3766 v,
1758 3739 1829 3752 -—·
1864 3711 1982 3766 sine
2012 3712 2195 3768 fructu
2226 3714 2451 3784 (καρπὸν

256 3795 316 3848 δὲ
355 3795 430 3861 μὴ
463 3795 706 3863 ἐχούσας)
741 3810 786 3849 c.
821 3794 904 3850 ed.
939 3807 1022 3863 pr.
1055 3811 1135 3864 ι,
1167 3812 1269 3852 om.
1303 3796 1372 3855 D.
1407 3797 1467 3852 L.
1501 3796 1623 3852 Vat.
1659 3825 1728 3836 —
1802 3798 1878 3850 14.
1917 3797 1996 3851 eis
2030 3799 2249 3864 (αὐτοῖς)
2281 3815 2328 3854 c.
2365 3801 2448 3855 ed.

253 3893 341 3949 pr.
375 3893 443 3943 17.,
477 3893 582 3933 om.
616 3877 684 3935 D.
717 3879 838 3936 Vat.
872 3910 942 3920 -
1015 3883 1094 3936 15.
1129 3895 1252 3936 cum
1286 3882 1494 3950 quibus·
1516 3881 1737 3938 iubebat
1770 3882 2067 3952 (habebant
2099 3883 2259 3953 Vict.)
2290 3885 2371 3940 ire
2405 3901 2450 3942 e.

255 3967 319 4020 D.
355 3963 420 4022 L.
456 3965 580 4018 Vat-
598 3999 622 4030 ,=
669 3979 792 4020 eum
837 3979 946 4034 qua
989 3965 1210 4021 iubebat
1253 3966 1400 4036 ipsos
1446 3967 1529 4022 ire
1564 3967 1645 4023 ed.
1680 3982 1759 4036 pr.
1788 3983 1841 4027 v.
1878 3995 1941 4009 -—
1990 3977 2091 4022 nec
2126 3977 2172 4027 o.
2210 3961 2331 4026 Vnt.
2366 3971 2451 4028 ed.

255 4063 340 4120 pr.
375 4063 427 4104 v.
446 4089 462 4113 ‚
516 4047 615 4104 sed
646 4063 748 4105 nec
779 4052 841 4105 D.
879 4077 949 4092 -
1024 4053 1107 4106 1⁶.
1144 4052 1286 4106 sicut
1319 4058 1376 4106 et
1409 4067 1453 4108 c.
1487 4053 1612 4108 Vnt.
1648 4053 1730 4108 ed.
1766 4067 1872 4120 pr„
1909 4053 2048 4108 sieut
2084 4058 2171 4123 D.‚
2210 4057 2369 4111 sicuti
2402 4067 2455 4112 v.

259 4163 328 4178 --
407 4135 491 4189 17.
544 4149 642 4190 eos
687 4134 893 4190 dimisit
934 4151 981 4193 c.
1020 4139 1172 4202 Vct»,
1209 4137 1412 4192 dimisit
1441 4151 1539 4194 ees
1570 4142 1662 4206 D.‚
1696 4153 1791 4195 eos
1824 4137 2029 4194 dimisit
2058 4141 2140 4195 ire
2173 4141 2258 4198 ed.
2292 4157 2371 4212 pr.
2405 4157 2455 4202 v.

259 4250 330 4262 —
367 4221 698 4279 consumatis
730 4225 788 4276 D.
823 4249 894 4262 --
978 4255 985 4268 ·

1964 4312 2050 4374 7.
