3003 5080
547 390 632 456 96
1539 390 1744 447 Pastor.

548 564 649 645 qui
695 563 910 625 creavit
954 571 1013 625 et
1049 563 1419 625 confirmavit
1455 564 1726 626 universa
1758 564 2230 627 commovebitur
2257 582 2394 625 cum
2422 558 2734 623 clementia

545 687 652 729 sua
703 675 766 729 et
824 666 1059 745 aliquod
1116 667 1444 728 remedium
1509 668 1699 743 dabit,
1768 677 1944 747 atque
2002 667 2079 728 ita
2126 667 2173 728 si
2217 667 2424 728 viderit
2464 666 2589 727 eius
2633 663 2739 744 qui

545 769 968 849 poenitentiam
1030 770 1153 849 agit
1206 789 1312 829 cor
1367 789 1586 849 purum
1640 790 1766 831 esse
1809 772 1882 831 ab
1930 770 2090 831 omni
2137 788 2313 849 opere
2354 767 2739 847 nequissimo.

548 872 655 932 tibi
708 881 907 933 autem
967 880 1025 933 et
1085 872 1289 933 domui
1350 881 1483 934 tuae
1545 892 1707 933 nunc
1763 873 1958 934 vexari
1998 873 2247 952 expedit.
2323 870 2461 952 quid
2502 866 2739 930 multa?

487 970 915 1035 5vexationem
960 975 1198 1056 patiaris
1242 994 1483 1037 necesse
1530 984 1636 1055 est,
1680 976 1833 1036 sicut
1871 972 2173 1055 'praecepit
2202 974 2458 1037 nuncius
2490 970 2741 1043 domini,

551 1076 650 1157 qui
706 1085 764 1138 te
821 1077 963 1138 mihi
1020 1078 1276 1142 tradidit.
1340 1078 1480 1156 quin
1541 1078 1741 1157 potius
1786 1078 1999 1157 gratias
2043 1097 2179 1157 agas
2226 1077 2499 1157 dominc,
2574 1073 2741 1154 quod

549 1180 791 1259 dignum
864 1189 923 1241 te
975 1180 1209 1255 habuit,
1285 1180 1378 1241 cui
1435 1180 1803 1260 praediceret
1859 1180 2305 1241 incommodum
2366 1178 2468 1239 tibi
2516 1178 2742 1237 instare

547 1280 762 1343 valenti
806 1282 864 1342 id
911 1281 1239 1357 sustinere,
1303 1282 1601 1363 praescius
1645 1282 1890 1344 suturi“.
1963 1282 2093 1343 dico
2140 1281 2223 1343 ei:
2303 1282 2417 1358 „Et
2459 1290 2557 1360 tu,
2632 1280 2744 1339 do-

549 1383 738 1463 mine,
815 1402 1046 1473 mecum
1107 1393 1266 1459 esto,
1341 1394 1399 1446 et
1454 1384 1623 1445 facile
1676 1404 1916 1446 omnem
1962 1385 2327 1446 vexationem
2371 1383 2745 1445 sustinebo“.

450 1482 783 1566 10„Ego“,
829 1485 1046 1567 inquit,
1095 1507 1237 1562 „ero
1280 1497 1510 1561 tecum,
1552 1488 1657 1548 sed
1704 1496 1761 1548 et
1802 1488 2025 1567 rogabo
2073 1469 2360 1549 nuncium
2404 1486 2591 1559 illum,
2640 1482 2747 1560 qui

551 1588 920 1669 praepositus
964 1598 1053 1649 est
1088 1608 1333 1670 poenae,
1379 1598 1446 1650 ut
1488 1589 1675 1650 levius
1719 1599 1777 1651 te
1820 1591 2055 1669 affligat.
2100 1590 2201 1651 sed
2246 1597 2304 1651 et
2346 1588 2557 1667 exiguo
2588 1595 2746 1647 tem-

551 1710 696 1771 pore
756 1689 988 1771 patieris
1045 1692 1284 1752 adversa
1344 1691 1680 1772 iterumque
1737 1693 1869 1753 loco
1929 1703 2032 1756 tuo
2074 1692 2418 1755 restitueris.
2474 1698 2747 1751 tantum·-

552 1792 731 1854 modo
789 1811 922 1854 cum
983 1794 1307 1855 humilitate
1367 1794 1547 1855 animi
1613 1814 1921 1875 persevera
1980 1815 2188 1877 parere
2242 1794 2483 1856 domino
2544 1800 2747 1852 mente

551 1915 735 1975 pura,
810 1895 1138 1976 domusque
1195 1906 1295 1957 tua
1354 1916 1422 1957 ac
1479 1897 1636 1978 nati,
1710 1907 1769 1959 et
1821 1898 1883 1959 in
1943 1898 2234 1959 mandatis
2293 1897 2439 1962 meis
2483 1894 2747 1967 ambula,

451 1996 534 2059 15
554 2016 706 2076 quae
751 1997 1018 2078 praecepi
1063 1998 1200 2078 tibi,
1266 2006 1323 2059 et
1366 1999 1733 2079 poenitentia
1777 2009 1880 2062 tua
1923 2002 2143 2081 poterit
2187 2020 2313 2063 esse
2351 2000 2519 2059 firma
2565 2005 2746 2075 atque

552 2121 721 2181 pura.
785 2110 843 2161 et
897 2100 947 2160 si
998 2101 1144 2161 haec
1186 2101 1531 2163 custodieris
1575 2122 1713 2163 cum
1760 2103 1935 2165 domo
1979 2112 2113 2179 tua,
2185 2100 2569 2165 incommoda
2608 2118 2643 2158 a
2689 2106 2749 2159 te

693 2271 740 2323 1.
788 2266 988 2321 creavit
1035 2272 1089 2320 et
1130 2266 1461 2322 confirmavit
1492 2283 1541 2322 c.
1578 2272 1637 2321 D.
1675 2272 1823 2333 Vat.,
1883 2270 2083 2324 creavit
2115 2269 2295 2324 omnia
2329 2273 2385 2322 et
2416 2264 2753 2323 confirmavit

551 2354 645 2421 L„
711 2368 833 2407 eum
878 2351 1079 2406 creavit
1124 2357 1180 2405 et
1219 2353 1313 2420 qui
1359 2351 1610 2409 formavit
1658 2354 1742 2410 ed.
1790 2370 1865 2424 pr.
1912 2371 1959 2408 v.
2008 2383 2077 2395 --
2117 2359 2194 2427 Ι1.
2230 2358 2282 2412 2.
2331 2350 2753 2409 commovebitur

553 2454 676 2493 cum
721 2437 1007 2492 clementia
1055 2453 1156 2492 sua
1201 2438 1763 2515 (σπλαγχ-νισθήσεται)
1813 2454 1856 2495 c.
1892 2439 1984 2504 D.‚
2039 2440 2391 2495 commovebit
2434 2454 2557 2493 eum
2592 2436 2749 2492 clem.

555 2539 656 2582 sua
691 2523 809 2579 Vat.
827 2564 840 2587 ‚
897 2522 1313 2579 commovebitur
1361 2539 1527 2594 super
1562 2542 1685 2580 eum
1719 2526 1867 2580 clem.
1904 2540 2005 2581 sua
2044 2524 2128 2584 ed.
2161 2543 2243 2594 pr.
2261 2567 2275 2592 ‚
2331 2522 2751 2583 commovebitur

555 2627 685 2680 erga
719 2626 850 2665 eum
896 2611 1046 2666 clem.
1095 2626 1196 2666 sua
1228 2629 1277 2666 v.
1328 2641 1394 2653 —-
1464 2615 1518 2670 2.
1553 2619 1717 2680 atque
1756 2627 1801 2667 c.
1836 2612 1906 2668 D.
1952 2614 2073 2669 Vat.
2111 2611 2197 2668 ed.
2230 2627 2340 2680 pr.‚
2392 2611 2554 2680 idque
2589 2627 2644 2666 v.
2681 2635 2751 2648 -·

553 2699 605 2754 3.
641 2711 764 2751 esse
800 2710 842 2750 c.
884 2699 1004 2754 vat.
1041 2696 1123 2752 ed.
1157 2713 1238 2767 pr.
1272 2715 1348 2763 v.,
1409 2715 1512 2753 om.
1548 2699 1617 2755 D.
1674 2725 1741 2739 -—-
1808 2703 1857 2752 4.
1893 2713 2037 2753 nunc
2081 2697 2261 2752 vexari
2296 2696 2513 2765 expedit
2545 2710 2591 2749 c.
2629 2701 2749 2750 vat.

553 2783 790 2853 (expitit)
837 2782 920 2836 ed.
963 2797 1044 2850 pr.
1091 2801 1138 2838 v.
1155 2823 1169 2848 ,
1225 2801 1333 2839 non
1377 2785 1559 2839 vexeri
1615 2785 1815 2852 expetit
1848 2785 1913 2841 D.
1966 2812 2034 2826 —
2090 2784 2219 2852 quid
2258 2784 2428 2837 multa
2460 2786 2546 2849 (τί
2575 2783 2636 2834 δέ
2668 2803 2749 2834 σοι

553 2870 715 2923 πολλὰ
753 2872 928 2939 λέγῳ;)
967 2867 1209 2935 emend.‚
1245 2869 1388 2936 quod
1422 2872 1645 2926 multam
1686 2871 1753 2924 D.
1798 2876 1944 2936 vat„
2001 2875 2057 2924 et
2090 2869 2231 2938 quod
2268 2869 2494 2923 multam
2529 2866 2616 2921 ed.
2652 2882 2750 2936 pr„

555 2960 612 3008 et
644 2954 868 3008 multam
900 2971 951 3010 v.
986 2983 1055 2994 -
1091 2959 1138 3006 5.
1173 2954 1400 3022 patiaris
1439 2971 1483 3010 c.
1519 2956 1585 3010 D.
1625 2957 1746 3011 Vat.
1782 2955 1866 3010 ed.
1903 2972 2015 3024 pr..
2060 2954 2174 3022 pati
2207 2971 2256 3008 v.
2297 2982 2358 2994 -
2399 2951 2627 3022 angelus
2664 2951 2749 3006 ed.

551 3055 636 3107 pr.
686 3069 755 3080 -
826 3042 876 3093 6.
923 3039 1128 3107 gratias
1176 3055 1307 3108 agas
1342 3055 1386 3096 c.
1421 3041 1487 3094 D.
1519 3059 1595 3107 ι,
1649 3041 1766 3110 agis
1813 3042 2017 3111 gratias
2056 3042 2200 3107 Vat,
2252 3053 2384 3108 agas
2422 3038 2629 3107 gratias
2667 3037 2750 3092 ed.

551 3142 632 3195 pr.
674 3154 745 3165 —
792 3123 1005 3178 domino
1039 3125 1138 3195 (τῷ
1174 3128 1354 3196 κυρίῳ)
1391 3125 1629 3192 emend.‚
1663 3126 1876 3183 domino
1912 3127 2012 3182 deo
2046 3126 2129 3189 D.‚
2164 3125 2266 3179 deo
2307 3126 2427 3178 Vat.
2463 3122 2546 3178 ed.
2580 3139 2665 3192 pr.
2699 3140 2751 3179 v.

552 3241 622 3252 -
697 3213 743 3262 6.
781 3209 832 3265 7.
880 3209 1024 3276 quod
1070 3210 1288 3278 dignum
1333 3229 1378 3266 c.
1413 3212 1480 3266 D.
1515 3212 1638 3267 Vat.
1674 3215 1801 3266 Mss.
1834 3213 2021 3281 Angl.‚
2076 3210 2220 3279 quod
2262 3209 2544 3279 praescius
2576 3208 2752 3264 futuri

552 3297 774 3366 dignum
808 3294 891 3349 ed.
931 3310 1010 3361 pr.
1047 3312 1094 3349 v.
1128 3325 1197 3335 -
1230 3297 1544 3364 praedicent
1580 3303 1698 3353 Vat.
1732 3326 1799 3337 —
1837 3301 1885 3353 7.
1903 3300 1953 3353 8.
1988 3289 2379 3352 incommodum
2411 3294 2509 3351 tibi
2542 3295 2750 3350 instare

553 3381 757 3438 valenti
791 3380 850 3434 id
887 3379 1152 3434 sustinere
1185 3382 1466 3449 praescius
1495 3382 1667 3437 futuri
1703 3396 1749 3439 c.
1784 3382 1918 3440 Mes.
1954 3382 2108 3450 Angl.
2143 3382 2209 3437 D.
2242 3380 2589 3450 (volentibus)
2623 3380 2751 3435 Vat.

552 3459 940 3536 (volentibus),
993 3464 1394 3521 tribulationem
1444 3467 1647 3522 instare
1700 3458 2003 3523 valeatibus
2059 3483 2179 3523 eam
2231 3465 2501 3522 sustinere
2550 3465 2637 3523 ed.
2671 3480 2749 3534 pr.

553 3554 726 3620 (eum)
762 3569 813 3606 v.
861 3578 929 3592 ·-
1004 3552 1082 3603 10.
1137 3557 1192 3605 et
1223 3554 1423 3621 rogabo
1458 3567 1503 3607 c.
1538 3553 1603 3606 D.
1628 3557 1749 3608 Vat.
1785 3570 1851 3617 v.,
1885 3553 2085 3620 rogabo
2120 3551 2203 3606 ed.
2236 3568 2316 3621 pr.
2349 3580 2420 3591 —
2491 3554 2573 3606 11.
2609 3565 2749 3618 pene

553 3639 676 3692 Vat.
695 3636 754 3690 in
771 3652 936 3705 marg.
957 3637 1123 3704 (man.
1142 3639 1294 3704 sec).
1313 3667 1381 3678 —-
1421 3641 1503 3698 12.
1522 3639 1822 3706 iterumque
1845 3654 1891 3695 c.
1907 3638 1973 3691 D.
1993 3637 2075 3692 ed.
2098 3654 2181 3708 pr.
2200 3655 2267 3702 v„
2286 3636 2521 3705 itemque
2542 3637 2749 3691 vat.—

551 3725 671 3778 loco
723 3729 816 3776 tuo
867 3723 1175 3796 restitueris
1219 3727 1719 3792 (ἀποκατασταθῆσῃ
1770 3731 1841 3784 εἷς
1876 3727 1969 3778 ’τὸν
2006 3727 2151 3777 οἶκόν
2185 3727 2303 3786 σου)
2339 3720 2575 3786 emend.‚
2631 3722 2750 3780 volo

553 3825 674 3863 cum
721 3808 1026 3863 restitueris
1067 3808 1133 3864 D.
1180 3809 1334 3875 Vat„
1390 3816 1483 3865 tuo
1514 3811 1646 3864 ioco
1692 3807 1995 3863 restitueris
2048 3807 2129 3862 ed.
2164 3824 2248 3877 pr.
2283 3826 2333 3867 v.
2367 3839 2439 3850 -—
2510 3810 2590 3863 13.
2628 3823 2750 3863 cum

552 3908 600 3946 c.
635 3893 701 3948 D.
741 3894 865 3949 Vat.
903 3893 984 3947 ed.
1019 3910 1130 3962 pr.,
1169 3895 1226 3949 in
1262 3913 1308 3949 v.
1347 3923 1409 3934 -
1463 3909 1657 3964 parere
1706 3894 1917 3950 domino
1966 3895 2078 3963 (καὶ
2111 3900 2417 3964 λειτουργῶν
2451 3902 2524 3966 τῷ
2562 3893 2747 3965 κυρίῳ)

553 3991 602 4035 c.
633 3978 724 4042 D.‚
778 3993 911 4046 pare
946 3978 1158 4036 domino
1193 3980 1319 4034 Vat.
1359 3977 1439 4033 ed.
1475 3996 1557 4048 pr.
1592 3997 1641 4036 v.
1696 4009 1757 4020 -
1831 3981 1912 4035 14.
1948 3996 2013 4034 ac
2047 3978 2161 4034 nati
2198 3980 2306 4046 (καὶ
2340 3981 2405 4032 τὰ
2442 3987 2599 4033 τέκνα
2635 3979 2748 4046 σου)

553 4079 600 4118 c.
641 4063 723 4118 ed.
757 4080 838 4132 pr.
873 4081 949 4128 v.‚
985 4066 1190 4120 om..D.
1226 4067 1352 4120 Vat.
1389 4095 1456 4105 —
1492 4065 1627 4119 meis
1663 4082 1709 4122 c.
1745 4065 1810 4119 D.
1847 4065 1969 4120 Vat.
2003 4064 2139 4119 Mes·
2176 4062 2351 4133 Angl.‚
2389 4064 2507 4119 eius
2542 4065 2634 4121 ed.
2669 4080 2747 4135 pr.

553 4165 603 4204 v.
641 4179 708 4190 —
776 4154 860 4206 15.
897 4151 1148 4221 praecepi
1183 4166 1233 4210 c.
1269 4150 1338 4210 D.
1373 4150 1496 4206 Vat.
1530 4151 1663 4206 Mss.
1704 4151 1861 4221 Angl.
1896 4149 1982 4204 ed.
2018 4165 2125 4219 pr„
2159 4150 2435 4221 praecepit
2466 4169 2517 4210 v.
2553 4181 2620 4193 —
