<?xml version="1.0" encoding="UTF-8"?>
<!DOCTYPE html PUBLIC "-//W3C//DTD XHTML 1.0 Transitional//EN"
    "http://www.w3.org/TR/xhtml1/DTD/xhtml1-transitional.dtd">
<html xmlns="http://www.w3.org/1999/xhtml" xml:lang="en" lang="en">
 <head>
  <title>
</title>
<meta http-equiv="Content-Type" content="text/html;charset=utf-8" />
  <meta name='ocr-system' content='tesseract 3.04.00' />
  <meta name='ocr-capabilities' content='ocr_page ocr_carea ocr_par ocr_line ocrx_word'/>
</head>
<body>
  <div class='ocr_page' id='page_1' title='image "./hermaepastorvet01hermgoog_0017.png"; bbox 0 0 3003 5080; ppageno 0'>
   <div class='ocr_carea' id='block_1_1' title="bbox 1230 421 2488 488">
    <p class='ocr_par' dir='ltr' id='par_1_1' title="bbox 1230 421 2488 488">
     <span class='ocr_line' id='line_1_1' title="bbox 1230 421 2488 488; baseline 0.006 -7"><span class='ocrx_word' id='word_1_1' title='bbox 1230 421 1531 481; x_wconf 73' lang='lat' dir='ltr'>Praefatio,</span> <span class='ocrx_word' id='word_1_2' title='bbox 2406 426 2488 488; x_wconf 85' lang='lat' dir='ltr'>XI</span> 
     </span>
    </p>
   </div>
   <div class='ocr_carea' id='block_1_2' title="bbox 293 599 2485 1028">
    <p class='ocr_par' dir='ltr' id='par_1_2' title="bbox 293 599 2485 1028">
     <span class='ocr_line' id='line_1_2' title="bbox 293 599 2481 681; baseline -0.001 -19"><span class='ocrx_word' id='word_1_3' title='bbox 293 601 354 662; x_wconf 92' lang='lat' dir='ltr'>id</span> <span class='ocrx_word' id='word_1_4' title='bbox 395 607 486 662; x_wconf 87' lang='lat' dir='ltr'>est</span> <span class='ocrx_word' id='word_1_5' title='bbox 529 599 639 681; x_wconf 91' lang='lat' dir='ltr'>ipsi</span> <span class='ocrx_word' id='word_1_6' title='bbox 671 608 832 675; x_wconf 84' lang='lat' dir='ltr'>sunt,</span> <span class='ocrx_word' id='word_1_7' title='bbox 877 600 979 680; x_wconf 94' lang='lat' dir='ltr'>qui</span> <span class='ocrx_word' id='word_1_8' title='bbox 1008 600 1420 662; x_wconf 85' lang='lat' dir='ltr'>custodierunt</span> <span class='ocrx_word' id='word_1_9' title='bbox 1448 599 1639 678; x_wconf 86' lang='lat' dir='ltr'>legem</span> <span class='ocrx_word' id='word_1_10' title='bbox 1672 607 1730 659; x_wconf 87' lang='lat' dir='ltr'>et</span> <span class='ocrx_word' id='word_1_11' title='bbox 1759 599 2020 680; x_wconf 75' lang='lat' dir='ltr'>perpessi</span> <span class='ocrx_word' id='word_1_12' title='bbox 2050 606 2190 660; x_wconf 89' lang='lat' dir='ltr'>sunt</span> <span class='ocrx_word' id='word_1_13' title='bbox 2220 599 2481 660; x_wconf 86' lang='lat' dir='ltr'>omnia.“</span> 
     </span>
     <span class='ocr_line' id='line_1_3' title="bbox 294 684 2483 767; baseline -0.001 -19"><span class='ocrx_word' id='word_1_14' title='bbox 294 688 484 749; x_wconf 87' lang='lat' dir='ltr'>aeth.:</span> <span class='ocrx_word' id='word_1_15' title='bbox 533 695 633 764; x_wconf 89' lang='lat' dir='ltr'>„et</span> <span class='ocrx_word' id='word_1_16' title='bbox 677 687 792 748; x_wconf 88' lang='lat' dir='ltr'>dixi</span> <span class='ocrx_word' id='word_1_17' title='bbox 835 686 917 748; x_wconf 85' lang='lat' dir='ltr'>ei:</span> <span class='ocrx_word' id='word_1_18' title='bbox 966 686 1279 767; x_wconf 84' lang='lat' dir='ltr'>„Domine,</span> <span class='ocrx_word' id='word_1_19' title='bbox 1327 686 1573 765; x_wconf 82' lang='lat' dir='ltr'><strong>quinam</strong></span> <span class='ocrx_word' id='word_1_20' title='bbox 1618 692 1759 746; x_wconf 89' lang='lat' dir='ltr'>sunt</span> <span class='ocrx_word' id='word_1_21' title='bbox 1804 684 1920 760; x_wconf 89' lang='lat' dir='ltr'>illi,</span> <span class='ocrx_word' id='word_1_22' title='bbox 1965 686 2066 766; x_wconf 91' lang='lat' dir='ltr'>qui</span> <span class='ocrx_word' id='word_1_23' title='bbox 2111 685 2377 746; x_wconf 87' lang='lat' dir='ltr'>coronati</span> <span class='ocrx_word' id='word_1_24' title='bbox 2423 685 2483 745; x_wconf 91' lang='lat' dir='ltr'>in</span> 
     </span>
     <span class='ocr_line' id='line_1_4' title="bbox 296 770 2485 854; baseline -0.001 -20"><span class='ocrx_word' id='word_1_25' title='bbox 296 773 506 835; x_wconf 81' lang='lat' dir='ltr'>&#39;turrim</span> <span class='ocrx_word' id='word_1_26' title='bbox 554 771 1038 836; x_wconf 78' lang='lat' dir='ltr'>ascenderunt?“</span> <span class='ocrx_word' id='word_1_27' title='bbox 1084 781 1144 834; x_wconf 91' lang='lat' dir='ltr'>et</span> <span class='ocrx_word' id='word_1_28' title='bbox 1185 773 1493 853; x_wconf 86' lang='lat' dir='ltr'>respondit</span> <span class='ocrx_word' id='word_1_29' title='bbox 1538 780 1597 833; x_wconf 91' lang='lat' dir='ltr'>et</span> <span class='ocrx_word' id='word_1_30' title='bbox 1638 771 1783 831; x_wconf 84' lang='lat' dir='ltr'>dixit</span> <span class='ocrx_word' id='word_1_31' title='bbox 1817 771 1993 833; x_wconf 90' lang='lat' dir='ltr'>mihi:</span> <span class='ocrx_word' id='word_1_32' title='bbox 2060 770 2193 854; x_wconf 83' lang='lat' dir='ltr'>‚‚Hi,</span> <span class='ocrx_word' id='word_1_33' title='bbox 2239 771 2353 852; x_wconf 81' lang='lat' dir='ltr'>qui·</span> <span class='ocrx_word' id='word_1_34' title='bbox 2384 790 2485 832; x_wconf 86' lang='lat' dir='ltr'>oo-</span> 
     </span>
     <span class='ocr_line' id='line_1_5' title="bbox 295 856 2484 940; baseline -0.001 -19"><span class='ocrx_word' id='word_1_35' title='bbox 295 859 491 922; x_wconf 86' lang='lat' dir='ltr'>ronati</span> <span class='ocrx_word' id='word_1_36' title='bbox 533 868 707 936; x_wconf 90' lang='lat' dir='ltr'>sunt,</span> <span class='ocrx_word' id='word_1_37' title='bbox 769 870 909 922; x_wconf 87' lang='lat' dir='ltr'>sunt</span> <span class='ocrx_word' id='word_1_38' title='bbox 953 859 1026 934; x_wconf 89' lang='lat' dir='ltr'>ii,</span> <span class='ocrx_word' id='word_1_39' title='bbox 1072 858 1173 940; x_wconf 90' lang='lat' dir='ltr'>qui</span> <span class='ocrx_word' id='word_1_40' title='bbox 1217 877 1353 921; x_wconf 86' lang='lat' dir='ltr'>cum</span> <span class='ocrx_word' id='word_1_41' title='bbox 1401 860 1619 920; x_wconf 86' lang='lat' dir='ltr'>Satana</span> <span class='ocrx_word' id='word_1_42' title='bbox 1667 856 1967 921; x_wconf 82' lang='lat' dir='ltr'>colluctati</span> <span class='ocrx_word' id='word_1_43' title='bbox 2012 876 2147 920; x_wconf 92' lang='lat' dir='ltr'>eum</span> <span class='ocrx_word' id='word_1_44' title='bbox 2195 859 2484 932; x_wconf 86' lang='lat' dir='ltr'>vicerunt,</span> 
     </span>
     <span class='ocr_line' id='line_1_6' title="bbox 297 946 1689 1028; baseline -0.001 -22"><span class='ocrx_word' id='word_1_45' title='bbox 297 947 399 1025; x_wconf 91' lang='lat' dir='ltr'>qui</span> <span class='ocrx_word' id='word_1_46' title='bbox 441 946 711 1009; x_wconf 84' lang='lat' dir='ltr'>coronati</span> <span class='ocrx_word' id='word_1_47' title='bbox 758 956 900 1008; x_wconf 91' lang='lat' dir='ltr'>sunt</span> <span class='ocrx_word' id='word_1_48' title='bbox 943 946 1020 1006; x_wconf 89' lang='lat' dir='ltr'>ob</span> <span class='ocrx_word' id='word_1_49' title='bbox 1065 946 1413 1028; x_wconf 82' lang='lat' dir='ltr'>religionem</span> <span class='ocrx_word' id='word_1_50' title='bbox 1457 947 1689 1007; x_wconf 85' lang='lat' dir='ltr'>suam.“</span> 
     </span>
    </p>
   </div>
   <div class='ocr_carea' id='block_1_3' title="bbox 1121 1079 1665 1160">
    <p class='ocr_par' dir='ltr' id='par_1_3' title="bbox 1121 1079 1665 1160">
     <span class='ocr_line' id='line_1_7' title="bbox 1121 1079 1665 1160; baseline -0.004 -14"><span class='ocrx_word' id='word_1_51' title='bbox 1121 1083 1291 1146; x_wconf 88' lang='lat' dir='ltr'>Sim.</span> <span class='ocrx_word' id='word_1_52' title='bbox 1338 1083 1544 1160; x_wconf 83' lang='lat' dir='ltr'>vm,</span> <span class='ocrx_word' id='word_1_53' title='bbox 1601 1079 1665 1146; x_wconf 88' lang='lat'>8.</span> 
     </span>
    </p>
   </div>
   <div class='ocr_carea' id='block_1_4' title="bbox 561 1182 2354 1293">
    <p class='ocr_par' dir='ltr' id='par_1_4' title="bbox 561 1182 2354 1293">
     <span class='ocr_line' id='line_1_8' title="bbox 561 1182 2354 1293; baseline -0.001 -46"><span class='ocrx_word' id='word_1_54' title='bbox 561 1183 721 1293; x_wconf 86' lang='grc'>110,</span> <span class='ocrx_word' id='word_1_55' title='bbox 745 1183 806 1247; x_wconf 88' lang='lat'>9.</span> <span class='ocrx_word' id='word_1_56' title='bbox 858 1183 936 1247; x_wconf 84' lang='lat'>10</span> <span class='ocrx_word' id='word_1_57' title='bbox 979 1205 1208 1266; x_wconf 81' lang='lat' dir='ltr'>graece.</span> <span class='ocrx_word' id='word_1_58' title='bbox 1545 1206 1605 1266; x_wconf 90' lang='lat' dir='ltr'>p.</span> <span class='ocrx_word' id='word_1_59' title='bbox 1656 1183 1799 1259; x_wconf 84' lang='lat'>110,</span> <span class='ocrx_word' id='word_1_60' title='bbox 1846 1182 2100 1247; x_wconf 79' lang='lat'>10--14</span> <span class='ocrx_word' id='word_1_61' title='bbox 2143 1184 2354 1246; x_wconf 87' lang='lat' dir='ltr'>latine:</span> 
     </span>
    </p>
   </div>
   <div class='ocr_carea' id='block_1_5' title="bbox 297 1267 2487 1466">
    <p class='ocr_par' dir='ltr' id='par_1_5' title="bbox 297 1267 2487 1442">
     <span class='ocr_line' id='line_1_9' title="bbox 381 1267 2487 1382; baseline 0 -50"><span class='ocrx_word' id='word_1_62' title='bbox 381 1271 597 1334; x_wconf 79' lang='grc' dir='ltr'><strong><em>πολλοὶ</em></strong></span> <span class='ocrx_word' id='word_1_63' title='bbox 645 1294 758 1333; x_wconf 83' lang='grc' dir='ltr'><strong><em>ουν</em></strong></span> <span class='ocrx_word' id='word_1_64' title='bbox 810 1267 1194 1382; x_wconf 80' lang='grc' dir='ltr'><strong><em>μετενόησαν</em></strong></span> <span class='ocrx_word' id='word_1_65' title='bbox 1239 1272 1365 1350; x_wconf 79' lang='grc' dir='ltr'>[καὶ</span> <span class='ocrx_word' id='word_1_66' title='bbox 1504 1291 1576 1334; x_wconf 85' lang='lat' dir='ltr'>ex</span> <span class='ocrx_word' id='word_1_67' title='bbox 1631 1271 1721 1333; x_wconf 89' lang='lat' dir='ltr'>his</span> <span class='ocrx_word' id='word_1_68' title='bbox 1780 1271 1960 1351; x_wconf 86' lang='lat' dir='ltr'>igitur</span> <span class='ocrx_word' id='word_1_69' title='bbox 2017 1270 2188 1332; x_wconf 90' lang='lat' dir='ltr'>multi</span> <span class='ocrx_word' id='word_1_70' title='bbox 2235 1279 2487 1350; x_wconf 88' lang='lat' dir='ltr'>egerunt</span> 
     </span>
     <span class='ocr_line' id='line_1_10' title="bbox 297 1355 2484 1466; baseline -0 -46"><span class='ocrx_word' id='word_1_71' title='bbox 297 1355 381 1432; x_wconf 75' lang='grc' dir='ltr'>εἰς</span> <span class='ocrx_word' id='word_1_72' title='bbox 410 1355 518 1421; x_wconf 77' lang='grc' dir='ltr'>τὸν</span> <span class='ocrx_word' id='word_1_73' title='bbox 551 1379 791 1438; x_wconf 81' lang='grc' dir='ltr'><strong><em>πυργον</em></strong></span> <span class='ocrx_word' id='word_1_74' title='bbox 813 1365 1115 1422; x_wconf 74' lang='grc' dir='ltr'><strong><em>κατοικεῖν</em></strong></span> <span class='ocrx_word' id='word_1_75' title='bbox 1138 1355 1364 1466; x_wconf 78' lang='grc' dir='ltr'><strong><em>ἤρξαν-</em></strong></span> <span class='ocrx_word' id='word_1_76' title='bbox 1416 1357 1843 1438; x_wconf 88' lang='lat' dir='ltr'>poenitentiam</span> <span class='ocrx_word' id='word_1_77' title='bbox 1893 1365 2071 1435; x_wconf 90' lang='lat' dir='ltr'>atque</span> <span class='ocrx_word' id='word_1_78' title='bbox 2107 1357 2166 1418; x_wconf 95' lang='lat' dir='ltr'>in</span> <span class='ocrx_word' id='word_1_79' title='bbox 2200 1357 2351 1418; x_wconf 88' lang='lat' dir='ltr'>turri</span> <span class='ocrx_word' id='word_1_80' title='bbox 2381 1359 2484 1419; x_wconf 85' lang='lat' dir='ltr'>ha-</span> 
     </span>
    </p>
   </div>
   <div class='ocr_carea' id='block_1_6' title="bbox 199 1440 2484 1524">
    <p class='ocr_par' dir='ltr' id='par_1_6' title="bbox 199 1440 2484 1524">
     <span class='ocr_line' id='line_1_11' title="bbox 199 1440 2484 1524; baseline -0.001 -18"><span class='ocrx_word' id='word_1_81' title='bbox 199 1483 204 1490; x_wconf 97' lang='grc'>-</span> <span class='ocrx_word' id='word_1_82' title='bbox 294 1467 388 1506; x_wconf 91' lang='grc' dir='ltr'><strong><em>το.</em></strong></span> <span class='ocrx_word' id='word_1_83' title='bbox 414 1443 628 1506; x_wconf 81' lang='grc' dir='ltr'><strong><em>πολλοὶ</em></strong></span> <span class='ocrx_word' id='word_1_84' title='bbox 655 1441 786 1506; x_wconf 77' lang='grc' dir='ltr'>δὲ’</span> <span class='ocrx_word' id='word_1_85' title='bbox 748 1440 872 1508; x_wconf 84' lang='grc' dir='ltr'>απὸ</span> <span class='ocrx_word' id='word_1_86' title='bbox 889 1446 1048 1507; x_wconf 79' lang='grc' dir='ltr'><strong><em>θεοο</em></strong></span> <span class='ocrx_word' id='word_1_87' title='bbox 1059 1445 1144 1521; x_wconf 81' lang='grc' dir='ltr'>εις</span> <span class='ocrx_word' id='word_1_88' title='bbox 1165 1442 1363 1508; x_wconf 74' lang='grc' dir='ltr'><strong><em>αἰῶνα</em></strong></span> <span class='ocrx_word' id='word_1_89' title='bbox 1419 1445 1604 1506; x_wconf 89' lang='lat' dir='ltr'>bitare</span> <span class='ocrx_word' id='word_1_90' title='bbox 1648 1451 1997 1524; x_wconf 85' lang='lat' dir='ltr'>coeperunt.</span> <span class='ocrx_word' id='word_1_91' title='bbox 2028 1453 2087 1506; x_wconf 91' lang='lat' dir='ltr'>et</span> <span class='ocrx_word' id='word_1_92' title='bbox 2114 1443 2284 1507; x_wconf 90' lang='lat' dir='ltr'>multi</span> <span class='ocrx_word' id='word_1_93' title='bbox 2310 1463 2343 1504; x_wconf 86' lang='lat' dir='ltr'>a</span> <span class='ocrx_word' id='word_1_94' title='bbox 2375 1444 2484 1504; x_wconf 88' lang='lat' dir='ltr'>deo</span> 
     </span>
    </p>
   </div>
   <div class='ocr_carea' id='block_1_7' title="bbox 288 1521 2484 1871">
    <p class='ocr_par' dir='ltr' id='par_1_7' title="bbox 288 1521 2482 1871">
     <span class='ocr_line' id='line_1_12' title="bbox 295 1521 2482 1611; baseline -0.001 -19"><span class='ocrx_word' id='word_1_95' title='bbox 295 1527 678 1611; x_wconf 73' lang='grc' dir='ltr'><strong><em>ἀπέστησαν.</em></strong></span> <span class='ocrx_word' id='word_1_96' title='bbox 777 1521 950 1594; x_wconf 82' lang='grc' dir='ltr'><strong><em>ουτοι</em></strong></span> <span class='ocrx_word' id='word_1_97' title='bbox 1048 1555 1159 1594; x_wconf 83' lang='grc' dir='ltr'><strong><em>ουν</em></strong></span> <span class='ocrx_word' id='word_1_98' title='bbox 1246 1555 1363 1608; x_wconf 83' lang='grc' dir='ltr'>την</span> <span class='ocrx_word' id='word_1_99' title='bbox 1415 1531 1474 1592; x_wconf 91' lang='lat' dir='ltr'>in</span> <span class='ocrx_word' id='word_1_100' title='bbox 1536 1539 1891 1611; x_wconf 87' lang='lat' dir='ltr'>perpetuum</span> <span class='ocrx_word' id='word_1_101' title='bbox 1949 1539 2345 1591; x_wconf 87' lang='lat' dir='ltr'>recesserunt.</span> <span class='ocrx_word' id='word_1_102' title='bbox 2423 1529 2482 1590; x_wconf 95' lang='lat' dir='ltr'>hi</span> 
     </span>
     <span class='ocr_line' id='line_1_13' title="bbox 297 1612 2479 1722; baseline -0.001 -44"><span class='ocrx_word' id='word_1_103' title='bbox 297 1613 457 1722; x_wconf 82' lang='grc' dir='ltr'>ζωὴν</span> <span class='ocrx_word' id='word_1_104' title='bbox 488 1612 649 1690; x_wconf 83' lang='grc' dir='ltr'><strong><em>ολως</em></strong></span> <span class='ocrx_word' id='word_1_105' title='bbox 678 1613 1062 1697; x_wconf 77' lang='grc' dir='ltr'><strong><em>ἀπώλεσαν]·</em></strong></span> <span class='ocrx_word' id='word_1_106' title='bbox 1107 1641 1264 1690; x_wconf 81' lang='grc' dir='ltr'><strong><em>τινες</em></strong></span> <span class='ocrx_word' id='word_1_107' title='bbox 1298 1614 1365 1680; x_wconf 78' lang='grc' dir='ltr'>δὲ</span> <span class='ocrx_word' id='word_1_108' title='bbox 1414 1617 1595 1698; x_wconf 86' lang='lat' dir='ltr'>igitur</span> <span class='ocrx_word' id='word_1_109' title='bbox 1628 1618 1687 1678; x_wconf 93' lang='lat' dir='ltr'>in</span> <span class='ocrx_word' id='word_1_110' title='bbox 1709 1626 1901 1678; x_wconf 90' lang='lat' dir='ltr'>totum</span> <span class='ocrx_word' id='word_1_111' title='bbox 1930 1616 2257 1678; x_wconf 85' lang='lat' dir='ltr'>amiserunt</span> <span class='ocrx_word' id='word_1_112' title='bbox 2283 1616 2479 1677; x_wconf 85' lang='lat' dir='ltr'>vitam.</span> 
     </span>
     <span class='ocr_line' id='line_1_14' title="bbox 295 1697 2482 1784; baseline 0.001 -22"><span class='ocrx_word' id='word_1_113' title='bbox 295 1697 363 1775; x_wconf 82' lang='grc' dir='ltr'>εξ</span> <span class='ocrx_word' id='word_1_114' title='bbox 408 1699 617 1765; x_wconf 77' lang='grc' dir='ltr'><strong><em>αῧτῶν</em></strong></span> <span class='ocrx_word' id='word_1_115' title='bbox 661 1699 1056 1784; x_wconf 78' lang='grc' dir='ltr'><strong><em>ἓδιψυχησαν</em></strong></span> <span class='ocrx_word' id='word_1_116' title='bbox 1101 1705 1202 1766; x_wconf 73' lang='grc' dir='ltr'>καὶ</span> <span class='ocrx_word' id='word_1_117' title='bbox 1245 1699 1364 1766; x_wconf 65' lang='lat' dir='ltr'>{dt-</span> <span class='ocrx_word' id='word_1_118' title='bbox 1414 1704 1653 1784; x_wconf 85' lang='lat' dir='ltr'>quidam</span> <span class='ocrx_word' id='word_1_119' title='bbox 1701 1722 1839 1764; x_wconf 86' lang='lat' dir='ltr'>vero</span> <span class='ocrx_word' id='word_1_120' title='bbox 1880 1703 2057 1764; x_wconf 86' lang='lat' dir='ltr'>dubia</span> <span class='ocrx_word' id='word_1_121' title='bbox 2094 1711 2293 1763; x_wconf 87' lang='lat' dir='ltr'>mente</span> <span class='ocrx_word' id='word_1_122' title='bbox 2338 1722 2482 1764; x_wconf 86' lang='lat' dir='ltr'>con-</span> 
     </span>
     <span class='ocr_line' id='line_1_15' title="bbox 288 1784 2484 1871; baseline -0 -21"><span class='ocrx_word' id='word_1_123' title='bbox 288 1784 716 1868; x_wconf 77' lang='grc' dir='ltr'><strong><em>χοστάτησαν.</em></strong></span> <span class='ocrx_word' id='word_1_124' title='bbox 1415 1801 1583 1871; x_wconf 85' lang='lat' dir='ltr'>cepta</span> <span class='ocrx_word' id='word_1_125' title='bbox 1607 1789 2002 1852; x_wconf 83' lang='lat' dir='ltr'>dissensiones</span> <span class='ocrx_word' id='word_1_126' title='bbox 2018 1789 2484 1851; x_wconf 85' lang='lat' dir='ltr'>concitaverunt.</span> 
     </span>
    </p>
   </div>
   <div class='ocr_carea' id='block_1_8' title="bbox 504 1890 2483 1973">
    <p class='ocr_par' dir='ltr' id='par_1_8' title="bbox 504 1890 2483 1973">
     <span class='ocr_line' id='line_1_16' title="bbox 504 1890 2483 1973; baseline -0.001 -21"><span class='ocrx_word' id='word_1_127' title='bbox 504 1910 654 1971; x_wconf 87' lang='lat' dir='ltr'>quae</span> <span class='ocrx_word' id='word_1_128' title='bbox 699 1891 868 1953; x_wconf 85' lang='lat' dir='ltr'>uncis</span> <span class='ocrx_word' id='word_1_129' title='bbox 911 1891 1133 1952; x_wconf 85' lang='lat' dir='ltr'>inclusa</span> <span class='ocrx_word' id='word_1_130' title='bbox 1184 1901 1327 1952; x_wconf 91' lang='lat' dir='ltr'>snnt</span> <span class='ocrx_word' id='word_1_131' title='bbox 1382 1891 1669 1973; x_wconf 88' lang='lat' dir='ltr'>supplevi,</span> <span class='ocrx_word' id='word_1_132' title='bbox 1716 1894 1792 1953; x_wconf 83' lang='lat' dir='ltr'>of.</span> <span class='ocrx_word' id='word_1_133' title='bbox 1822 1890 1981 1953; x_wconf 88' lang='lat' dir='ltr'>Pal.:</span> <span class='ocrx_word' id='word_1_134' title='bbox 2032 1911 2142 1968; x_wconf 87' lang='lat' dir='ltr'>„ex</span> <span class='ocrx_word' id='word_1_135' title='bbox 2185 1892 2275 1952; x_wconf 89' lang='lat' dir='ltr'>his</span> <span class='ocrx_word' id='word_1_136' title='bbox 2303 1892 2483 1970; x_wconf 80' lang='lat' dir='ltr'>igitur</span> 
     </span>
    </p>
   </div>
   <div class='ocr_carea' id='block_1_9' title="bbox 295 1976 2588 2058">
    <p class='ocr_par' dir='ltr' id='par_1_9' title="bbox 295 1976 2588 2058">
     <span class='ocr_line' id='line_1_17' title="bbox 295 1976 2588 2058; baseline 0.001 -20"><span class='ocrx_word' id='word_1_137' title='bbox 295 1977 469 2040; x_wconf 89' lang='lat' dir='ltr'>multi</span> <span class='ocrx_word' id='word_1_138' title='bbox 513 1986 768 2058; x_wconf 86' lang='lat' dir='ltr'>egerunt</span> <span class='ocrx_word' id='word_1_139' title='bbox 810 1977 1233 2058; x_wconf 86' lang='lat' dir='ltr'>poenitentiam</span> <span class='ocrx_word' id='word_1_140' title='bbox 1292 1988 1469 2057; x_wconf 87' lang='lat' dir='ltr'>atque</span> <span class='ocrx_word' id='word_1_141' title='bbox 1514 1979 1575 2040; x_wconf 90' lang='lat' dir='ltr'>in</span> <span class='ocrx_word' id='word_1_142' title='bbox 1622 1987 1787 2039; x_wconf 88' lang='lat' dir='ltr'>turre</span> <span class='ocrx_word' id='word_1_143' title='bbox 1830 1976 2092 2040; x_wconf 86' lang='lat' dir='ltr'>habitare</span> <span class='ocrx_word' id='word_1_144' title='bbox 2133 1991 2479 2058; x_wconf 84' lang='lat' dir='ltr'>coeperunt.</span> <span class='ocrx_word' id='word_1_145' title='bbox 2583 2014 2588 2022; x_wconf 88' lang='lat'>·</span> 
     </span>
    </p>
   </div>
   <div class='ocr_carea' id='block_1_10' title="bbox 293 2063 2481 2578">
    <p class='ocr_par' dir='ltr' id='par_1_10' title="bbox 293 2063 2481 2578">
     <span class='ocr_line' id='line_1_18' title="bbox 295 2063 2481 2146; baseline -0 -21"><span class='ocrx_word' id='word_1_146' title='bbox 295 2072 356 2126; x_wconf 85' lang='lat' dir='ltr'>et</span> <span class='ocrx_word' id='word_1_147' title='bbox 395 2064 567 2126; x_wconf 89' lang='lat' dir='ltr'>multi</span> <span class='ocrx_word' id='word_1_148' title='bbox 610 2083 643 2124; x_wconf 86' lang='lat' dir='ltr'>a</span> <span class='ocrx_word' id='word_1_149' title='bbox 693 2065 801 2125; x_wconf 91' lang='lat' dir='ltr'>deo</span> <span class='ocrx_word' id='word_1_150' title='bbox 847 2063 908 2125; x_wconf 92' lang='lat' dir='ltr'>in</span> <span class='ocrx_word' id='word_1_151' title='bbox 956 2072 1308 2146; x_wconf 88' lang='lat' dir='ltr'>perpetuum</span> <span class='ocrx_word' id='word_1_152' title='bbox 1359 2072 1751 2145; x_wconf 83' lang='lat' dir='ltr'>recesserunt,</span> <span class='ocrx_word' id='word_1_153' title='bbox 1799 2063 1899 2142; x_wconf 92' lang='lat' dir='ltr'>qui</span> <span class='ocrx_word' id='word_1_154' title='bbox 1942 2073 2001 2126; x_wconf 91' lang='lat' dir='ltr'>et</span> <span class='ocrx_word' id='word_1_155' title='bbox 2039 2064 2100 2125; x_wconf 90' lang='lat' dir='ltr'>in</span> <span class='ocrx_word' id='word_1_156' title='bbox 2126 2065 2306 2125; x_wconf 88' lang='lat' dir='ltr'>finem</span> <span class='ocrx_word' id='word_1_157' title='bbox 2336 2065 2481 2126; x_wconf 87' lang='lat' dir='ltr'>ami-</span> 
     </span>
     <span class='ocr_line' id='line_1_19' title="bbox 294 2150 2481 2232; baseline 0 -21"><span class='ocrx_word' id='word_1_158' title='bbox 294 2158 506 2214; x_wconf 87' lang='lat' dir='ltr'>serunt</span> <span class='ocrx_word' id='word_1_159' title='bbox 549 2150 743 2211; x_wconf 86' lang='lat' dir='ltr'>vitam.</span> <span class='ocrx_word' id='word_1_160' title='bbox 790 2150 1027 2230; x_wconf 86' lang='lat' dir='ltr'>quidam</span> <span class='ocrx_word' id='word_1_161' title='bbox 1073 2169 1211 2212; x_wconf 88' lang='lat' dir='ltr'>vero</span> <span class='ocrx_word' id='word_1_162' title='bbox 1258 2169 1328 2212; x_wconf 87' lang='lat' dir='ltr'>ex</span> <span class='ocrx_word' id='word_1_163' title='bbox 1358 2151 1499 2232; x_wconf 91' lang='lat' dir='ltr'>ipsis</span> <span class='ocrx_word' id='word_1_164' title='bbox 1531 2150 1710 2226; x_wconf 89' lang='lat' dir='ltr'>dubii,</span> <span class='ocrx_word' id='word_1_165' title='bbox 1758 2151 1931 2212; x_wconf 88' lang='lat' dir='ltr'>dubia</span> <span class='ocrx_word' id='word_1_166' title='bbox 1963 2159 2163 2215; x_wconf 86' lang='lat' dir='ltr'>mente</span> <span class='ocrx_word' id='word_1_167' title='bbox 2194 2150 2481 2225; x_wconf 83' lang='lat' dir='ltr'>conlecta,</span> 
     </span>
     <span class='ocr_line' id='line_1_20' title="bbox 295 2235 2481 2317; baseline 0 -19"><span class='ocrx_word' id='word_1_168' title='bbox 295 2236 692 2300; x_wconf 89' lang='lat' dir='ltr'>dissensiones</span> <span class='ocrx_word' id='word_1_169' title='bbox 736 2237 1068 2298; x_wconf 85' lang='lat' dir='ltr'>fecerunt“.</span> <span class='ocrx_word' id='word_1_170' title='bbox 1113 2237 1300 2298; x_wconf 87' lang='lat' dir='ltr'>aeth.:</span> <span class='ocrx_word' id='word_1_171' title='bbox 1349 2245 1448 2314; x_wconf 70' lang='lat' dir='ltr'>;,et</span> <span class='ocrx_word' id='word_1_172' title='bbox 1491 2235 1661 2298; x_wconf 89' lang='lat' dir='ltr'>multi</span> <span class='ocrx_word' id='word_1_173' title='bbox 1692 2256 1763 2298; x_wconf 88' lang='lat' dir='ltr'>ex</span> <span class='ocrx_word' id='word_1_174' title='bbox 1792 2237 1861 2297; x_wconf 94' lang='lat' dir='ltr'>iis</span> <span class='ocrx_word' id='word_1_175' title='bbox 1893 2237 2318 2316; x_wconf 88' lang='lat' dir='ltr'>poenitentiam</span> <span class='ocrx_word' id='word_1_176' title='bbox 2348 2258 2481 2317; x_wconf 86' lang='lat' dir='ltr'>ege-</span> 
     </span>
     <span class='ocr_line' id='line_1_21' title="bbox 294 2323 2477 2404; baseline 0 -20"><span class='ocrx_word' id='word_1_177' title='bbox 294 2334 439 2385; x_wconf 90' lang='lat' dir='ltr'>runt</span> <span class='ocrx_word' id='word_1_178' title='bbox 495 2331 553 2385; x_wconf 90' lang='lat' dir='ltr'>et</span> <span class='ocrx_word' id='word_1_179' title='bbox 611 2323 673 2384; x_wconf 92' lang='lat' dir='ltr'>in</span> <span class='ocrx_word' id='word_1_180' title='bbox 733 2323 945 2384; x_wconf 83' lang='lat' dir='ltr'>turrim</span> <span class='ocrx_word' id='word_1_181' title='bbox 1006 2325 1406 2385; x_wconf 85' lang='lat' dir='ltr'>ascenderunt</span> <span class='ocrx_word' id='word_1_182' title='bbox 1463 2332 1523 2386; x_wconf 91' lang='lat' dir='ltr'>et</span> <span class='ocrx_word' id='word_1_183' title='bbox 1581 2331 2058 2404; x_wconf 88' lang='lat' dir='ltr'>permanserunt.</span> <span class='ocrx_word' id='word_1_184' title='bbox 2106 2332 2163 2384; x_wconf 88' lang='lat' dir='ltr'>et</span> <span class='ocrx_word' id='word_1_185' title='bbox 2204 2325 2373 2385; x_wconf 90' lang='lat' dir='ltr'>multi</span> <span class='ocrx_word' id='word_1_186' title='bbox 2418 2324 2477 2385; x_wconf 96' lang='lat' dir='ltr'>in</span> 
     </span>
     <span class='ocr_line' id='line_1_22' title="bbox 293 2409 2481 2490; baseline 0 -20"><span class='ocrx_word' id='word_1_187' title='bbox 293 2418 645 2490; x_wconf 89' lang='lat' dir='ltr'>perpetuum</span> <span class='ocrx_word' id='word_1_188' title='bbox 691 2409 1132 2489; x_wconf 86' lang='lat' dir='ltr'>abnegaverunt</span> <span class='ocrx_word' id='word_1_189' title='bbox 1177 2410 1519 2486; x_wconf 91' lang='lat' dir='ltr'>dominum;</span> <span class='ocrx_word' id='word_1_190' title='bbox 1564 2410 1606 2471; x_wconf 91' lang='lat' dir='ltr'>ii</span> <span class='ocrx_word' id='word_1_191' title='bbox 1649 2418 1845 2472; x_wconf 87' lang='lat' dir='ltr'>autem</span> <span class='ocrx_word' id='word_1_192' title='bbox 1890 2409 1952 2470; x_wconf 92' lang='lat' dir='ltr'>in</span> <span class='ocrx_word' id='word_1_193' title='bbox 1997 2418 2351 2490; x_wconf 85' lang='lat' dir='ltr'>perpetuum</span> <span class='ocrx_word' id='word_1_194' title='bbox 2396 2411 2481 2470; x_wconf 90' lang='lat' dir='ltr'>vi-</span> 
     </span>
     <span class='ocr_line' id='line_1_23' title="bbox 294 2492 2267 2578; baseline 0 -21"><span class='ocrx_word' id='word_1_195' title='bbox 294 2505 415 2559; x_wconf 88' lang='lat' dir='ltr'>tam</span> <span class='ocrx_word' id='word_1_196' title='bbox 462 2513 629 2559; x_wconf 86' lang='lat' dir='ltr'>suam</span> <span class='ocrx_word' id='word_1_197' title='bbox 678 2495 1082 2578; x_wconf 87' lang='lat' dir='ltr'>perdiderunt.</span> <span class='ocrx_word' id='word_1_198' title='bbox 1109 2492 1188 2559; x_wconf 80' lang='lat' dir='ltr'>‘et</span> <span class='ocrx_word' id='word_1_199' title='bbox 1231 2497 1470 2578; x_wconf 88' lang='lat' dir='ltr'>quidam</span> <span class='ocrx_word' id='word_1_200' title='bbox 1518 2515 1589 2559; x_wconf 84' lang='lat' dir='ltr'>ex</span> <span class='ocrx_word' id='word_1_201' title='bbox 1630 2496 1742 2558; x_wconf 87' lang='lat' dir='ltr'>illis</span> <span class='ocrx_word' id='word_1_202' title='bbox 1786 2496 2267 2559; x_wconf 84' lang='lat' dir='ltr'>dubitaverunt“.</span> 
     </span>
    </p>
   </div>
   <div class='ocr_carea' id='block_1_11' title="bbox 431 2633 2307 2818">
    <p class='ocr_par' dir='ltr' id='par_1_11' title="bbox 431 2633 2307 2818">
     <span class='ocr_line' id='line_1_24' title="bbox 1103 2633 1677 2710; baseline -0.002 -14"><span class='ocrx_word' id='word_1_203' title='bbox 1103 2634 1278 2696; x_wconf 88' lang='lat' dir='ltr'>Sim.</span> <span class='ocrx_word' id='word_1_204' title='bbox 1324 2635 1526 2710; x_wconf 87' lang='lat' dir='ltr'>VIII,</span> <span class='ocrx_word' id='word_1_205' title='bbox 1575 2633 1677 2697; x_wconf 94' lang='lat'>11.</span> 
     </span>
     <span class='ocr_line' id='line_1_25' title="bbox 431 2733 2307 2818; baseline -0.002 -19"><span class='ocrx_word' id='word_1_206' title='bbox 431 2758 492 2817; x_wconf 87' lang='lat' dir='ltr'>p.</span> <span class='ocrx_word' id='word_1_207' title='bbox 541 2735 686 2818; x_wconf 81' lang='lat'><strong>112,</strong></span> <span class='ocrx_word' id='word_1_208' title='bbox 732 2733 944 2799; x_wconf 81' lang='lat'>9-11</span> <span class='ocrx_word' id='word_1_209' title='bbox 992 2756 1234 2817; x_wconf 84' lang='lat' dir='ltr'>graece:</span> <span class='ocrx_word' id='word_1_210' title='bbox 1587 2758 1646 2818; x_wconf 88' lang='lat' dir='ltr'>p.</span> <span class='ocrx_word' id='word_1_211' title='bbox 1695 2735 1838 2812; x_wconf 82' lang='lat'><strong>114,</strong></span> <span class='ocrx_word' id='word_1_212' title='bbox 1882 2735 2054 2798; x_wconf 81' lang='lat'>2-7</span> <span class='ocrx_word' id='word_1_213' title='bbox 2097 2735 2307 2797; x_wconf 87' lang='lat' dir='ltr'>latine:</span> 
     </span>
    </p>
   </div>
   <div class='ocr_carea' id='block_1_12' title="bbox 291 2782 2481 3851">
    <p class='ocr_par' dir='ltr' id='par_1_12' title="bbox 291 2782 2481 3851">
     <span class='ocr_line' id='line_1_26' title="bbox 381 2782 2479 2911; baseline -0.002 -25"><span class='ocrx_word' id='word_1_214' title='bbox 381 2823 485 2886; x_wconf 78' lang='grc' dir='ltr'>καὶ</span> <span class='ocrx_word' id='word_1_215' title='bbox 559 2782 853 2902; x_wconf 59' lang='lat' dir='ltr'>Evjo&#39;ovwae</span> <span class='ocrx_word' id='word_1_216' title='bbox 907 2826 998 2909; x_wconf 78' lang='grc' dir='ltr'>τῷ</span> <span class='ocrx_word' id='word_1_217' title='bbox 1067 2826 1219 2911; x_wconf 79' lang='grc' dir='ltr'><strong><em>θεῷ.</em></strong></span> <span class='ocrx_word' id='word_1_218' title='bbox 1283 2819 1365 2903; x_wconf 83' lang='grc' dir='ltr'><strong><em>[οι</em></strong></span> <span class='ocrx_word' id='word_1_219' title='bbox 1507 2831 1606 2901; x_wconf 89' lang='lat' dir='ltr'>„et</span> <span class='ocrx_word' id='word_1_220' title='bbox 1673 2823 1870 2885; x_wconf 85' lang='lat' dir='ltr'>vivent</span> <span class='ocrx_word' id='word_1_221' title='bbox 1928 2823 2059 2884; x_wconf 75' lang='lat' dir='ltr'>deo,</span> <span class='ocrx_word' id='word_1_222' title='bbox 2133 2822 2233 2902; x_wconf 93' lang='lat' dir='ltr'>qui</span> <span class='ocrx_word' id='word_1_223' title='bbox 2278 2824 2479 2896; x_wconf 86' lang='lat' dir='ltr'>ver0“‚</span> 
     </span>
     <span class='ocr_line' id='line_1_27' title="bbox 296 2886 2479 3016; baseline -0.002 -44"><span class='ocrx_word' id='word_1_224' title='bbox 296 2907 400 2986; x_wconf 79' lang='grc' dir='ltr'>δέ,</span> <span class='ocrx_word' id='word_1_225' title='bbox 450 2908 680 2993; x_wconf 77' lang='grc' dir='ltr'>φησίν,</span> <span class='ocrx_word' id='word_1_226' title='bbox 727 2886 1180 3016; x_wconf 74' lang='grc' dir='ltr'><strong><em>προστιθέντες</em></strong></span> <span class='ocrx_word' id='word_1_227' title='bbox 1228 2917 1366 2982; x_wconf 87' lang='grc' dir='ltr'><strong><em>ταῖς</em></strong></span> <span class='ocrx_word' id='word_1_228' title='bbox 1416 2910 1643 2990; x_wconf 88' lang='lat' dir='ltr'>inquit,</span> <span class='ocrx_word' id='word_1_229' title='bbox 1709 2909 2069 2987; x_wconf 85' lang='lat' dir='ltr'>„adiecerint</span> <span class='ocrx_word' id='word_1_230' title='bbox 2137 2909 2212 2969; x_wconf 87' lang='lat' dir='ltr'>ad</span> <span class='ocrx_word' id='word_1_231' title='bbox 2269 2908 2479 2969; x_wconf 84' lang='lat' dir='ltr'>delicta</span> 
     </span>
     <span class='ocr_line' id='line_1_28' title="bbox 295 2990 2480 3105; baseline -0 -48"><span class='ocrx_word' id='word_1_232' title='bbox 295 2990 633 3102; x_wconf 78' lang='grc' dir='ltr'><strong><em>ἁμαρτίαις</em></strong></span> <span class='ocrx_word' id='word_1_233' title='bbox 677 2992 886 3057; x_wconf 72' lang='grc' dir='ltr'><strong><em>αὐτῶν</em></strong></span> <span class='ocrx_word' id='word_1_234' title='bbox 929 3020 1030 3057; x_wconf 85' lang='grc' dir='ltr'>και</span> <span class='ocrx_word' id='word_1_235' title='bbox 1065 2991 1366 3105; x_wconf 82' lang='grc' dir='ltr'><strong><em>ἆναστρε-</em></strong></span> <span class='ocrx_word' id='word_1_236' title='bbox 1415 3016 1521 3058; x_wconf 86' lang='lat' dir='ltr'>sua</span> <span class='ocrx_word' id='word_1_237' title='bbox 1582 3004 1640 3058; x_wconf 89' lang='lat' dir='ltr'>et</span> <span class='ocrx_word' id='word_1_238' title='bbox 1699 2995 1966 3058; x_wconf 85' lang='lat' dir='ltr'>conversi</span> <span class='ocrx_word' id='word_1_239' title='bbox 2015 2994 2233 3056; x_wconf 84' lang='lat' dir='ltr'>fuerint</span> <span class='ocrx_word' id='word_1_240' title='bbox 2275 2994 2336 3055; x_wconf 93' lang='lat' dir='ltr'>in</span> <span class='ocrx_word' id='word_1_241' title='bbox 2381 2995 2480 3056; x_wconf 91' lang='lat' dir='ltr'>de-</span> 
     </span>
     <span class='ocr_line' id='line_1_29' title="bbox 296 3078 2481 3189; baseline -0.001 -46"><span class='ocrx_word' id='word_1_242' title='bbox 296 3078 556 3189; x_wconf 79' lang='grc' dir='ltr'><strong><em>φόμενοι</em></strong></span> <span class='ocrx_word' id='word_1_243' title='bbox 585 3081 648 3144; x_wconf 77' lang='grc' dir='ltr'>ἐν</span> <span class='ocrx_word' id='word_1_244' title='bbox 678 3087 817 3154; x_wconf 76' lang='grc' dir='ltr'><strong><em>ταῖς</em></strong></span> <span class='ocrx_word' id='word_1_245' title='bbox 846 3078 1207 3176; x_wconf 72' lang='grc' dir='ltr'><strong><em>ἐπιθυμίαις</em></strong></span> <span class='ocrx_word' id='word_1_246' title='bbox 1251 3086 1364 3144; x_wconf 76' lang='grc' dir='ltr'><strong><em>τοῦ</em></strong></span> <span class='ocrx_word' id='word_1_247' title='bbox 1417 3083 1646 3145; x_wconf 86' lang='lat' dir='ltr'>sideriis</span> <span class='ocrx_word' id='word_1_248' title='bbox 1678 3083 1852 3144; x_wconf 88' lang='lat' dir='ltr'>huius</span> <span class='ocrx_word' id='word_1_249' title='bbox 1874 3082 2076 3153; x_wconf 85' lang='lat' dir='ltr'>seculi,</span> <span class='ocrx_word' id='word_1_250' title='bbox 2114 3081 2481 3142; x_wconf 86' lang='lat' dir='ltr'>damnabunt</span> 
     </span>
     <span class='ocr_line' id='line_1_30' title="bbox 297 3163 2479 3272; baseline -0.001 -43"><span class='ocrx_word' id='word_1_251' title='bbox 297 3164 524 3242; x_wconf 77' lang='grc' dir='ltr'><strong><em>αιῶνος</em></strong></span> <span class='ocrx_word' id='word_1_252' title='bbox 596 3167 821 3230; x_wconf 77' lang='grc' dir='ltr'><strong><em>τούτου</em></strong></span> <span class='ocrx_word' id='word_1_253' title='bbox 887 3166 1364 3272; x_wconf 72' lang='grc' dir='ltr'><strong><em>κατακρινοῦσιν</em></strong></span> <span class='ocrx_word' id='word_1_254' title='bbox 1416 3189 1479 3231; x_wconf 92' lang='lat' dir='ltr'>se</span> <span class='ocrx_word' id='word_1_255' title='bbox 1525 3170 1597 3231; x_wconf 83' lang='lat' dir='ltr'>ad</span> <span class='ocrx_word' id='word_1_256' title='bbox 1644 3177 1917 3230; x_wconf 88' lang='lat' dir='ltr'>mortem.</span> <span class='ocrx_word' id='word_1_257' title='bbox 1962 3178 2027 3230; x_wconf 92' lang='lat' dir='ltr'>tu</span> <span class='ocrx_word' id='word_1_258' title='bbox 2075 3187 2216 3229; x_wconf 87' lang='lat' dir='ltr'>vero</span> <span class='ocrx_word' id='word_1_259' title='bbox 2243 3163 2479 3229; x_wconf 79' lang='lat' dir='ltr'>ambula</span> 
     </span>
     <span class='ocr_line' id='line_1_31' title="bbox 295 3246 2478 3359; baseline -0.001 -44"><span class='ocrx_word' id='word_1_260' title='bbox 295 3248 558 3329; x_wconf 76' lang='grc' dir='ltr'><strong><em>ἕαυτους</em></strong></span> <span class='ocrx_word' id='word_1_261' title='bbox 615 3251 700 3328; x_wconf 79' lang='grc' dir='ltr'>εἷς</span> <span class='ocrx_word' id='word_1_262' title='bbox 769 3246 1096 3359; x_wconf 78' lang='grc' dir='ltr'><strong><em>θάνατον].</em></strong></span> <span class='ocrx_word' id='word_1_263' title='bbox 1157 3249 1236 3317; x_wconf 78' lang='grc' dir='ltr'>σὺ</span> <span class='ocrx_word' id='word_1_264' title='bbox 1297 3252 1364 3315; x_wconf 78' lang='grc' dir='ltr'>δὲ</span> <span class='ocrx_word' id='word_1_265' title='bbox 1416 3255 1476 3317; x_wconf 89' lang='lat' dir='ltr'>in</span> <span class='ocrx_word' id='word_1_266' title='bbox 1524 3256 1818 3317; x_wconf 91' lang='lat' dir='ltr'>mandatis</span> <span class='ocrx_word' id='word_1_267' title='bbox 1863 3255 2009 3317; x_wconf 86' lang='lat' dir='ltr'>meis</span> <span class='ocrx_word' id='word_1_268' title='bbox 2053 3265 2107 3315; x_wconf 74' lang='lat' dir='ltr'>et</span> <span class='ocrx_word' id='word_1_269' title='bbox 2154 3254 2311 3315; x_wconf 88' lang='lat' dir='ltr'>vives</span> <span class='ocrx_word' id='word_1_270' title='bbox 2347 3254 2478 3327; x_wconf 90' lang='lat' dir='ltr'>deo,</span> 
     </span>
     <span class='ocr_line' id='line_1_32' title="bbox 293 3336 2475 3421; baseline -0.001 -20"><span class='ocrx_word' id='word_1_271' title='bbox 293 3336 565 3419; x_wconf 86' lang='grc' dir='ltr'><strong><em>πορεύου</em></strong></span> <span class='ocrx_word' id='word_1_272' title='bbox 612 3339 674 3403; x_wconf 75' lang='grc' dir='ltr'>ἐν</span> <span class='ocrx_word' id='word_1_273' title='bbox 719 3345 858 3412; x_wconf 77' lang='grc' dir='ltr'><strong><em>ταῖς</em></strong></span> <span class='ocrx_word' id='word_1_274' title='bbox 893 3336 1178 3414; x_wconf 75' lang='grc' dir='ltr'><strong><em>ἐντολαῖς</em></strong></span> <span class='ocrx_word' id='word_1_275' title='bbox 1215 3363 1360 3421; x_wconf 87' lang='grc' dir='ltr'><strong><em>μου,</em></strong></span> <span class='ocrx_word' id='word_1_276' title='bbox 1413 3350 1471 3403; x_wconf 91' lang='lat' dir='ltr'>et</span> <span class='ocrx_word' id='word_1_277' title='bbox 1530 3341 1871 3421; x_wconf 82' lang='lat' dir='ltr'>quicunque</span> <span class='ocrx_word' id='word_1_278' title='bbox 1925 3340 2356 3402; x_wconf 82' lang='lat' dir='ltr'>ambulaverint</span> <span class='ocrx_word' id='word_1_279' title='bbox 2414 3339 2475 3399; x_wconf 93' lang='lat' dir='ltr'>in</span> 
     </span>
     <span class='ocr_line' id='line_1_33' title="bbox 292 3423 2475 3533; baseline -0.001 -45"><span class='ocrx_word' id='word_1_280' title='bbox 292 3450 397 3488; x_wconf 85' lang='grc' dir='ltr'>και</span> <span class='ocrx_word' id='word_1_281' title='bbox 452 3425 601 3532; x_wconf 83' lang='grc' dir='ltr'><strong><em>ζῆθι</em></strong></span> <span class='ocrx_word' id='word_1_282' title='bbox 665 3429 776 3511; x_wconf 79' lang='grc' dir='ltr'>[τῷ</span> <span class='ocrx_word' id='word_1_283' title='bbox 841 3429 1012 3533; x_wconf 79' lang='grc' dir='ltr'><strong><em>θεῷ·</em></strong></span> <span class='ocrx_word' id='word_1_284' title='bbox 1077 3425 1177 3486; x_wconf 78' lang='grc' dir='ltr'>καὶ</span> <span class='ocrx_word' id='word_1_285' title='bbox 1222 3423 1359 3489; x_wconf 80' lang='grc' dir='ltr'><strong><em>ὅσοι</em></strong></span> <span class='ocrx_word' id='word_1_286' title='bbox 1411 3428 1501 3489; x_wconf 91' lang='lat' dir='ltr'>his</span> <span class='ocrx_word' id='word_1_287' title='bbox 1587 3436 1645 3489; x_wconf 90' lang='lat' dir='ltr'>et</span> <span class='ocrx_word' id='word_1_288' title='bbox 1718 3436 1875 3489; x_wconf 84' lang='lat' dir='ltr'>reete</span> <span class='ocrx_word' id='word_1_289' title='bbox 1947 3448 2014 3487; x_wconf 90' lang='lat' dir='ltr'>ea</span> <span class='ocrx_word' id='word_1_290' title='bbox 2086 3426 2475 3499; x_wconf 81' lang='lat' dir='ltr'>exercuerint,</span> 
     </span>
     <span class='ocr_line' id='line_1_34' title="bbox 291 3487 2477 3594; baseline -0 -22"><span class='ocrx_word' id='word_1_291' title='bbox 291 3507 710 3591; x_wconf 78' lang='grc' dir='ltr'><strong><em>πορεύσονται</em></strong></span> <span class='ocrx_word' id='word_1_292' title='bbox 742 3488 816 3573; x_wconf 74' lang='grc' dir='ltr'>ἓν</span> <span class='ocrx_word' id='word_1_293' title='bbox 861 3487 1081 3583; x_wconf 72' lang='grc' dir='ltr'><strong><em>αὐταῖς</em></strong></span> <span class='ocrx_word' id='word_1_294' title='bbox 1125 3510 1225 3572; x_wconf 84' lang='grc' dir='ltr'>και</span> <span class='ocrx_word' id='word_1_295' title='bbox 1258 3534 1363 3593; x_wconf 82' lang='grc' dir='ltr'><strong><em>ορ·</em></strong></span> <span class='ocrx_word' id='word_1_296' title='bbox 1414 3514 1611 3576; x_wconf 85' lang='lat' dir='ltr'>vivent</span> <span class='ocrx_word' id='word_1_297' title='bbox 1686 3514 1815 3576; x_wconf 90' lang='lat' dir='ltr'>deo.</span> <span class='ocrx_word' id='word_1_298' title='bbox 1824 3519 1857 3549; x_wconf 87' lang='lat'>“</span> <span class='ocrx_word' id='word_1_299' title='bbox 1930 3523 2240 3594; x_wconf 88' lang='lat' dir='ltr'>postquam</span> <span class='ocrx_word' id='word_1_300' title='bbox 2318 3512 2477 3573; x_wconf 88' lang='lat' dir='ltr'>enim</span> 
     </span>
     <span class='ocr_line' id='line_1_35' title="bbox 293 3592 2481 3703; baseline -0 -43"><span class='ocrx_word' id='word_1_301' title='bbox 293 3601 444 3671; x_wconf 87' lang='grc' dir='ltr'>θως</span> <span class='ocrx_word' id='word_1_302' title='bbox 472 3594 668 3671; x_wconf 79' lang='grc' dir='ltr'><strong><em>αῧτὰς</em></strong></span> <span class='ocrx_word' id='word_1_303' title='bbox 700 3592 1092 3703; x_wconf 74' lang='grc' dir='ltr'><strong><em>ἐργάσονται,</em></strong></span> <span class='ocrx_word' id='word_1_304' title='bbox 1141 3596 1360 3679; x_wconf 79' lang='grc' dir='ltr'><strong><em>ζήσον-</em></strong></span> <span class='ocrx_word' id='word_1_305' title='bbox 1414 3600 1559 3662; x_wconf 82' lang='lat' dir='ltr'>haee</span> <span class='ocrx_word' id='word_1_306' title='bbox 1613 3600 1809 3662; x_wconf 88' lang='lat' dir='ltr'>omnia</span> <span class='ocrx_word' id='word_1_307' title='bbox 1858 3600 1999 3662; x_wconf 91' lang='lat' dir='ltr'>mihi</span> <span class='ocrx_word' id='word_1_308' title='bbox 2044 3598 2334 3673; x_wconf 89' lang='lat' dir='ltr'>ostendit,</span> <span class='ocrx_word' id='word_1_309' title='bbox 2402 3598 2481 3659; x_wconf 86' lang='lat' dir='ltr'>ait</span> 
     </span>
     <span class='ocr_line' id='line_1_36' title="bbox 293 3680 1588 3769; baseline 0.002 -24"><span class='ocrx_word' id='word_1_310' title='bbox 293 3706 399 3745; x_wconf 90' lang='grc' dir='ltr'>ται</span> <span class='ocrx_word' id='word_1_311' title='bbox 444 3688 532 3769; x_wconf 79' lang='grc' dir='ltr'>τῷ</span> <span class='ocrx_word' id='word_1_312' title='bbox 564 3686 745 3768; x_wconf 80' lang='grc' dir='ltr'><strong><em>θεῷ’].</em></strong></span> <span class='ocrx_word' id='word_1_313' title='bbox 791 3680 995 3746; x_wconf 78' lang='grc' dir='ltr'><strong><em>ταῦτα</em></strong></span> <span class='ocrx_word' id='word_1_314' title='bbox 1021 3706 1129 3763; x_wconf 83' lang='grc' dir='ltr'><strong><em>μοι</em></strong></span> <span class='ocrx_word' id='word_1_315' title='bbox 1159 3681 1364 3757; x_wconf 77' lang='grc' dir='ltr'><strong><em>δείξας</em></strong></span> <span class='ocrx_word' id='word_1_316' title='bbox 1413 3687 1588 3748; x_wconf 87' lang='lat' dir='ltr'>mihi:</span> 
     </span>
     <span class='ocr_line' id='line_1_37' title="bbox 293 3766 1362 3851; baseline -0.001 -19"><span class='ocrx_word' id='word_1_317' title='bbox 293 3769 398 3832; x_wconf 80' lang='grc' dir='ltr'>καὶ</span> <span class='ocrx_word' id='word_1_318' title='bbox 452 3769 734 3847; x_wconf 71' lang='grc' dir='ltr'><strong><em>λαλήσας</em></strong></span> <span class='ocrx_word' id='word_1_319' title='bbox 786 3791 994 3831; x_wconf 79' lang='grc' dir='ltr'><strong><em>παντα</em></strong></span> <span class='ocrx_word' id='word_1_320' title='bbox 1033 3766 1191 3851; x_wconf 72' lang='grc' dir='ltr'><strong><em>λέγει</em></strong></span> <span class='ocrx_word' id='word_1_321' title='bbox 1231 3792 1362 3849; x_wconf 83' lang='grc' dir='ltr'><strong><em>μοι.</em></strong></span> 
     </span>
    </p>
   </div>
   <div class='ocr_carea' id='block_1_13' title="bbox 291 3874 2481 4301">
    <p class='ocr_par' dir='ltr' id='par_1_13' title="bbox 291 3874 2481 4301">
     <span class='ocr_line' id='line_1_38' title="bbox 506 3874 2478 3955; baseline 0 -21"><span class='ocrx_word' id='word_1_322' title='bbox 506 3892 715 3953; x_wconf 82' lang='lat' dir='ltr'>graeca</span> <span class='ocrx_word' id='word_1_323' title='bbox 758 3874 1028 3953; x_wconf 90' lang='lat' dir='ltr'>suppleta</span> <span class='ocrx_word' id='word_1_324' title='bbox 1074 3880 1324 3935; x_wconf 88' lang='lat' dir='ltr'>testatur</span> <span class='ocrx_word' id='word_1_325' title='bbox 1368 3874 1491 3936; x_wconf 84' lang='lat' dir='ltr'>Pal.</span> <span class='ocrx_word' id='word_1_326' title='bbox 1510 3895 1525 3934; x_wconf 73' lang='grc' dir='ltr'><strong><em>ε</em></strong></span> <span class='ocrx_word' id='word_1_327' title='bbox 1572 3882 1671 3952; x_wconf 90' lang='lat' dir='ltr'>„et</span> <span class='ocrx_word' id='word_1_328' title='bbox 1707 3874 1818 3935; x_wconf 89' lang='lat' dir='ltr'>deo</span> <span class='ocrx_word' id='word_1_329' title='bbox 1850 3875 2061 3935; x_wconf 85' lang='lat' dir='ltr'>vivent.</span> <span class='ocrx_word' id='word_1_330' title='bbox 2106 3875 2205 3955; x_wconf 89' lang='lat' dir='ltr'>qui</span> <span class='ocrx_word' id='word_1_331' title='bbox 2238 3894 2376 3936; x_wconf 84' lang='lat' dir='ltr'>vero</span> <span class='ocrx_word' id='word_1_332' title='bbox 2406 3875 2478 3935; x_wconf 89' lang='lat' dir='ltr'>ad</span> 
     </span>
     <span class='ocr_line' id='line_1_39' title="bbox 291 3958 2480 4023; baseline 0 -2"><span class='ocrx_word' id='word_1_333' title='bbox 291 3958 505 4021; x_wconf 82' lang='lat' dir='ltr'>delicta</span> <span class='ocrx_word' id='word_1_334' title='bbox 566 3978 674 4020; x_wconf 88' lang='lat' dir='ltr'>sua</span> <span class='ocrx_word' id='word_1_335' title='bbox 734 3959 1054 4021; x_wconf 87' lang='lat' dir='ltr'>adiecerint</span> <span class='ocrx_word' id='word_1_336' title='bbox 1113 3967 1172 4021; x_wconf 84' lang='lat' dir='ltr'>et</span> <span class='ocrx_word' id='word_1_337' title='bbox 1215 3961 1545 4023; x_wconf 85' lang='lat' dir='ltr'>conversati</span> <span class='ocrx_word' id='word_1_338' title='bbox 1589 3960 1810 4022; x_wconf 84' lang='lat' dir='ltr'>fuerint</span> <span class='ocrx_word' id='word_1_339' title='bbox 1850 3961 1912 4022; x_wconf 91' lang='lat' dir='ltr'>in</span> <span class='ocrx_word' id='word_1_340' title='bbox 1959 3961 2261 4023; x_wconf 85' lang='lat' dir='ltr'>desideriis</span> <span class='ocrx_word' id='word_1_341' title='bbox 2303 3960 2480 4022; x_wconf 90' lang='lat' dir='ltr'>huius</span> 
     </span>
     <span class='ocr_line' id='line_1_40' title="bbox 292 4046 2478 4131; baseline 0 -24"><span class='ocrx_word' id='word_1_342' title='bbox 292 4046 515 4131; x_wconf 79' lang='lat' dir='ltr'>seculi,</span> <span class='ocrx_word' id='word_1_343' title='bbox 589 4046 957 4107; x_wconf 86' lang='lat' dir='ltr'>damnabunt</span> <span class='ocrx_word' id='word_1_344' title='bbox 1011 4065 1073 4107; x_wconf 90' lang='lat' dir='ltr'>se</span> <span class='ocrx_word' id='word_1_345' title='bbox 1131 4046 1204 4107; x_wconf 89' lang='lat' dir='ltr'>ad</span> <span class='ocrx_word' id='word_1_346' title='bbox 1263 4056 1540 4110; x_wconf 87' lang='lat' dir='ltr'>mortem.</span> <span class='ocrx_word' id='word_1_347' title='bbox 1599 4056 1666 4108; x_wconf 93' lang='lat' dir='ltr'>tu</span> <span class='ocrx_word' id='word_1_348' title='bbox 1709 4066 1847 4107; x_wconf 87' lang='lat' dir='ltr'>vero</span> <span class='ocrx_word' id='word_1_349' title='bbox 1891 4047 1953 4107; x_wconf 91' lang='lat' dir='ltr'>in</span> <span class='ocrx_word' id='word_1_350' title='bbox 1997 4048 2287 4110; x_wconf 86' lang='lat' dir='ltr'>mandatis</span> <span class='ocrx_word' id='word_1_351' title='bbox 2332 4046 2478 4108; x_wconf 89' lang='lat' dir='ltr'>meis</span> 
     </span>
     <span class='ocr_line' id='line_1_41' title="bbox 296 4132 2481 4214; baseline 0 -21"><span class='ocrx_word' id='word_1_352' title='bbox 296 4132 536 4194; x_wconf 87' lang='lat' dir='ltr'>ambula</span> <span class='ocrx_word' id='word_1_353' title='bbox 578 4140 638 4193; x_wconf 88' lang='lat' dir='ltr'>et</span> <span class='ocrx_word' id='word_1_354' title='bbox 674 4151 811 4194; x_wconf 86' lang='lat' dir='ltr'>cum</span> <span class='ocrx_word' id='word_1_355' title='bbox 858 4132 968 4193; x_wconf 88' lang='lat' dir='ltr'>deo</span> <span class='ocrx_word' id='word_1_356' title='bbox 1010 4132 1189 4203; x_wconf 83' lang='lat' dir='ltr'>vives,</span> <span class='ocrx_word' id='word_1_357' title='bbox 1230 4142 1297 4195; x_wconf 89' lang='lat' dir='ltr'>tu</span> <span class='ocrx_word' id='word_1_358' title='bbox 1335 4143 1393 4196; x_wconf 90' lang='lat' dir='ltr'>et</span> <span class='ocrx_word' id='word_1_359' title='bbox 1423 4136 1761 4214; x_wconf 80' lang='lat' dir='ltr'>quicunque</span> <span class='ocrx_word' id='word_1_360' title='bbox 1791 4132 1852 4194; x_wconf 92' lang='lat' dir='ltr'>in</span> <span class='ocrx_word' id='word_1_361' title='bbox 1882 4134 2021 4213; x_wconf 89' lang='lat' dir='ltr'>ipsis</span> <span class='ocrx_word' id='word_1_362' title='bbox 2052 4134 2481 4195; x_wconf 86' lang='lat' dir='ltr'>ambulaverint</span> 
     </span>
     <span class='ocr_line' id='line_1_42' title="bbox 296 4219 2477 4301; baseline -0 -21"><span class='ocrx_word' id='word_1_363' title='bbox 296 4227 357 4280; x_wconf 86' lang='lat' dir='ltr'>et</span> <span class='ocrx_word' id='word_1_364' title='bbox 399 4239 466 4280; x_wconf 87' lang='lat' dir='ltr'>ea</span> <span class='ocrx_word' id='word_1_365' title='bbox 520 4219 893 4281; x_wconf 85' lang='lat' dir='ltr'>exercuerint</span> <span class='ocrx_word' id='word_1_366' title='bbox 934 4228 1116 4292; x_wconf 82' lang='lat' dir='ltr'>reete,</span> <span class='ocrx_word' id='word_1_367' title='bbox 1162 4220 1356 4283; x_wconf 86' lang='lat' dir='ltr'>vivent</span> <span class='ocrx_word' id='word_1_368' title='bbox 1400 4222 1530 4282; x_wconf 88' lang='lat' dir='ltr'>deo.</span> <span class='ocrx_word' id='word_1_369' title='bbox 1576 4230 1634 4282; x_wconf 88' lang='lat' dir='ltr'>et</span> <span class='ocrx_word' id='word_1_370' title='bbox 1673 4228 1981 4300; x_wconf 85' lang='lat' dir='ltr'>postquam</span> <span class='ocrx_word' id='word_1_371' title='bbox 2024 4222 2169 4283; x_wconf 85' lang='lat' dir='ltr'>haec</span> <span class='ocrx_word' id='word_1_372' title='bbox 2198 4221 2477 4301; x_wconf 85' lang='lat' dir='ltr'>ostendit,</span> 
     </span>
    </p>
   </div>
  </div>
 </body>
</html>
