3003 5080
531 428 659 488 Vlll
1467 426 1768 480 Praefatio.

537 610 783 681 propter
827 603 1303 663 homoeoteleuta
1347 604 1438 663 vel
1483 603 1610 664 aliis
1657 603 1728 663 de
1771 604 1961 664 causis
2008 622 2204 681 neque
2241 605 2488 663 omnino
2518 605 2590 664 ab
2621 622 2715 663 er-

536 688 775 749 roribus
805 689 1100 749 immunes
1129 697 1289 749 sunt.
1366 707 1801 766 nonnunquam
1836 689 2155 750 editionem
2189 689 2517 769 principem
2545 708 2716 768 prae-

540 775 844 835 ferendam
890 794 1018 835 esse
1064 775 1265 836 docuit
1310 793 1560 854 graecus
1604 784 1819 848 textuS,
1867 795 1984 854 quo
2035 777 2322 836 suadente
2366 777 2560 854 ipsum
2592 784 2719 835 tex-

534 867 664 921 tum
736 861 1039 940 vulgatum
1109 861 1204 921 hic
1277 861 1398 921 illic
1463 863 1738 941 praetuli.
1843 863 2147 941 vulgatum
2224 871 2420 923 autem
2491 869 2717 922 textum

535 946 699 1007 brevi
757 947 1044 1026 appellavi
1100 967 1271 1018 eum,
1349 948 1449 1024 qui
1496 949 1789 1009 Cotelerio
1851 967 1985 1009 cum
2033 948 2326 1009 Dresselio
2383 947 2734 1012 communis

539 1043 628 1094 est
688 1036 812 1111 (v.).
898 1033 1164 1094 Palatina
1223 1052 1464 1111 quoque
1520 1034 1713 1095 versio
1759 1037 1935 1113 (Pal.)
1996 1035 2396 1114 comparanda
2455 1042 2617 1108 erat,
2690 1053 2721 1093 e

540 1138 655 1197 qua
700 1120 942 1181 lacunas
986 1119 1318 1180 scribarum
1368 1120 1640 1182 socordia
1688 1130 1850 1181 ortas
1898 1121 2216 1200 plerasque
2259 1121 2549 1201 supplevi.

747 1225 869 1266 non
929 1224 1137 1266 omnes
1194 1207 1436 1267 lacunas
1496 1226 1528 1267 e
1582 1207 1811 1286 graecis
1854 1218 1911 1269 et
1954 1207 2215 1268 Palatina
2260 1208 2533 1268 versione
2578 1225 2719 1287 sup-

537 1293 713 1372 plevi.
802 1311 938 1352 nam
997 1300 1168 1352 vetus
1212 1293 1511 1372 interpres
1552 1294 1666 1354 iam
1713 1293 1839 1371 ipse
1882 1293 2171 1354 nonnulla
2218 1293 2280 1353 in
2325 1293 2553 1372 graecis
2598 1312 2718 1352 non

536 1378 748 1458 legisse
804 1377 1035 1438 videtur
1057 1376 1138 1452 1),
1213 1397 1650 1456 nonnunquam
1708 1379 2033 1440 sententias
2096 1378 2480 1456 contraxit2).
2577 1379 2719 1439 mihi

537 1473 735 1525 autem
793 1465 920 1524 sola
980 1472 1149 1524 vetus
1208 1465 1389 1525 latina
1445 1465 1859 1545 interpretatio
1922 1466 2147 1526 edenda
2193 1474 2335 1526 erat.
2428 1466 2723 1545 interpres

537 1551 713 1612 etiam
758 1550 1048 1610 nonnulla
1089 1550 1337 1611 mutavit
1357 1549 1409 1627 ³)
1454 1553 1544 1612 vel
1592 1551 1905 1628 addidit4).
1996 1551 2183 1612 nihilo
2231 1551 2428 1613 minus
2460 1571 2556 1613 res
2588 1552 2722 1613 uni-

535 1656 704 1697 versa
765 1636 817 1696 ei
875 1638 1029 1697 bene
1087 1637 1370 1698 successit
1387 1636 1440 1713 ὅ)
1504 1646 1562 1698 et
1614 1638 1890 1716 antiquae
1941 1638 2247 1698 latinitatis
2294 1638 2723 1698 ecclesiasticae

535 1723 768 1801 insigne
813 1731 1272 1784 monumentum
1316 1723 1525 1801 exegit.
1615 1724 1894 1785 Barthius
1935 1724 2173 1802 quidem
2203 1725 2357 1784 hanc
2389 1724 2719 1784 versionem

533 1809 838 1882 rusticam,
880 1809 1366 1884 semibarbaram,
1409 1810 1821 1872 semiveterem
1868 1811 2203 1892 appellavit.
2274 1811 2375 1871 sed
2425 1810 2476 1870 ei
2507 1810 2721 1871 merito

535 1895 848 1957 oblocutus
893 1904 982 1957 est
1027 1896 1376 1957 CoteleriUS.
2475 1945 2478 1954 ,

747 1990 1014 2043 ceterum
1076 1983 1192 2042 iam
1252 1992 1388 2043 ante
1433 2001 1642 2043 omnes
1688 1983 1923 2043 codices
1961 1992 2202 2043 nostros
2247 1983 2371 2062 ipsa
2419 1989 2587 2043 vetus
2631 1983 2722 2042 in-

677 2118 731 2184 l)
767 2117 894 2170 Sim.
931 2117 1032 2182 VI,
1082 2118 1106 2168 1
1153 2116 1347 2170 ultima
1399 2116 1567 2169 etiam
1621 2116 1678 2169 in
1721 2116 1978 2171 Palatina
2020 2118 2268 2171 versione
2315 2117 2512 2171 desunt
2569 2122 2629 2172 et
2668 2117 2725 2170 in

534 2216 730 2270 graeco
775 2203 958 2257 codice
992 2203 1268 2271 Lipsiensi
1303 2218 1332 2256 e
1366 2202 2273 2272 Pseudo-Athanasio‘supplenda
2310 2207 2485 2258 erant.

672 2292 730 2358 2)
766 2289 1015 2357 equidem
1049 2304 1158 2342 non
1194 2303 1358 2344 ausus
1393 2304 1512 2342 sum
1552 2289 1807 2357 supplere
1841 2304 1923 2356 ea,
1961 2305 2098 2356 quae
2134 2289 2320 2344 Mand.
2356 2291 2448 2357 VI,
2491 2292 2509 2344 1
2552 2307 2605 2359 p.
2642 2292 2725 2354 48,

534 2379 584 2429 4.
623 2392 667 2430 c.
707 2378 739 2430 2
773 2393 826 2444 p.
866 2379 948 2442 50,
986 2377 1033 2441 6,
1070 2375 1400 2444 comparatis
1435 2375 1665 2443 graecis,
1701 2375 2098 2430 desiderantur.

673 2463 731 2529 3)
769 2460 836 2515 of.
873 2463 1051 2530 ipsum
1095 2462 1311 2516 initium
1345 2461 1460 2516 Vis.
1495 2462 1539 2528 I,
1582 2467 1604 2515 1
1645 2478 1699 2530 p.
1736 2464 1785 2527 2,
1822 2463 1878 2514 6:
1918 2461 2022 2530 Qui
2057 2462 2363 2517 enutrierat
2396 2479 2506 2530 me,
2541 2460 2724 2516 vendi-

538 2548 620 2603 dit
655 2549 926 2617 quandam
969 2550 1209 2618 puellam
1243 2550 1450 2604 Romae
1500 2550 1555 2613 (ὃ
1595 2556 1795 2617 θρέψας
1829 2570 1897 2617 με
1936 2556 2197 2617 πέπρακέν
2232 2573 2300 2621 με
2332 2552 2479 2617 Ῥόὸῃ
2516 2557 2619 2602 τινὶ
2656 2557 2725 2609 εἰς

530 2636 771 2705 Ῥώμην).
841 2636 1028 2691 Mand.
1063 2638 1155 2703 IV,
1197 2638 1220 2689 1
1262 2653 1314 2705 p.
1353 2636 1436 2701 39,
1473 2640 1523 2688 4.
1564 2637 1593 2688 5
1630 2638 1693 2689 tu
1738 2638 1921 2689 autem
1954 2650 2160 2690 memor
2196 2640 2315 2691 esto
2352 2637 2557 2691 domini
2590 2651 2726 2689 sem-

534 2738 634 2792 per
669 2723 917 2777 omnibus
951 2724 1102 2778 horis
1137 2727 1196 2777 et
1227 2737 1505 2790 nunquam
1539 2722 1794 2792 peccabis
1838 2723 1953 2789 (ιῆς
2002 2725 2059 2777 δὲ
2095 2732 2185 2791 σῆς
2218 2726 2557 2793 μνημονεύων
2597 2724 2727 2775 πάν-

533 2831 657 2865 τοτε
693 2812 933 2879 γυναικὸς
969 2812 1222 2865 οὐδέποτε
1258 2811 1663 2879 διαμαρτήσεις).

671 2898 730 2964 4)
767 2895 835 2950 cf.
869 2894 985 2950 Vis.
1022 2896 1065 2962 I,
1102 2899 1134 2949 4
1169 2912 1223 2965 p.
1263 2900 1310 2961 2,
1349 2898 1543 2948 9-12
1591 2910 1710 2949 cum
1755 2896 1983 2963 graecis.
2020 2897 2089 2963 Π,
2128 2899 2159 2950 3
2195 2914 2248 2966 p.
2290 2898 2369 2961 10,
2409 2898 2490 2950 12.
2533 2897 2597 2950 13
2635 2892 2727 2947 ob-

532 2983 660 3037 livio
697 2984 842 3037 enim
875 2983 1140 3036 malorum
1174 2981 1342 3035 vitam
1379 2984 1661 3036 aeternam
1705 2986 2044 3050 cooperatur.

674 3072 731 3138 5)
766 3085 877 3123 non
917 3069 1129 3135 mirum,
1176 3064 1318 3136 quod
1359 3072 1517 3123 vetus
1558 3069 1831 3137 interpres
1875 3068 1932 3122 in
1976 3068 2189 3136 graecis
2234 3065 2526 3121 reddendis
2560 3065 2729 3120 etiam

533 3157 724 3225 lapsus
769 3160 869 3210 est.
948 3155 1062 3210 Vis.
1104 3156 1200 3221 ΠΙ,
1239 3160 1262 3208 1
1303 3172 1355 3223 p.
1399 3158 1478 3221 13,
1519 3155 1583 3208 12
1618 3169 1687 3208 ex
1717 3170 1785 3209 ea
1820 3155 2085 3223 (ἐξαυτῆς,
2136 3154 2365 3222 statim).
2404 3169 2449 3207 c.
2487 3154 2519 3204 8
2553 3169 2607 3221 p.
2645 3155 2727 3217 24,

538 3245 603 3296 18
645 3242 842 3297 turrim
887 3257 1050 3311 super
1094 3243 1199 3308 (ἔτι
1243 3242 1379 3309 legit
1422 3243 1538 3310 ἐπὶ)
1589 3240 1883 3296 aedificari.
1930 3242 2030 3306 IV,
2077 3242 2108 3292 3
2144 3257 2198 3308 p.
2240 3242 2332 3305 34,
2378 3242 2410 3291 8
2456 3254 2559 3306 quo
2607 3238 2727 3291 loco

535 3330 734 3399 (τρόπῳ
773 3328 910 3395 legit
955 3330 1126 3400 τόπῳ)
1178 3328 1332 3383 abiit.
1369 3326 1558 3381 Mand.
1594 3328 1673 3381 XI
1707 3344 1761 3396 p.
1800 3328 1881 3394 60,
1924 3330 1985 3381 15
2035 3341 2140 3381 nec
2170 3326 2399 3394 singulis
2433 3324 2728 3393 respondet

533 3416 681 3482 (οὐδὲ
724 3417 1020 3481 καταμόνας
1062 3420 1224 3480 λαλεῖ,
1266 3414 1384 3468 Pal.
1433 3417 1531 3467 aut
1574 3417 1784 3468 secrete
1819 3414 2102 3481 loquitur).
2140 3413 2269 3468 Sim.
2304 3412 2370 3477 V,
2410 3415 2439 3464 6
2478 3428 2531 3479 p.
2570 3415 2653 3476 84,
2697 3414 2728 3463 6

537 3500 664 3569 quia
707 3499 936 3554 nuncius
979 3499 1136 3555 audit
1180 3501 1366 3568 (ἄκουε
1409 3500 1545 3567 legit
1576 3501 1798 3568 ἀκούει).
1870 3500 1996 3554 Sim.
2032 3500 2187 3565 VIII,
2248 3499 2293 3564 1,
2328 3516 2382 3566 p.
2422 3499 2503 3563 97,
2546 3499 2623 3549 14.
2666 3498 2728 3549 15

537 3590 702 3652 „tunc
737 3586 1199 3662 demonstrabitur
1237 3585 1357 3652 tibi,
1393 3584 1523 3653 quid
1561 3585 1831 3653 significet
1861 3586 2091 3641 nuncius
2123 3586 2235 3652 ille,
2272 3584 2364 3654 qui
2380 3584 2581 3653 populo
2606 3599 2729 3652 por-

535 3675 758 3726 rexerat
813 3672 1046 3740 virgas.“
1103 3672 1378 3740 interpres
1437 3672 1583 3725 enim
1630 3672 1973 3727 conniunxit:
2031 3680 2116 3727 καὶ
2152 3672 2517 3740 δηλωθήσεταί
2546 3692 2626 3723 σοι
2669 3672 2730 3722 τὸ

534 3766 595 3811 τί
631 3765 775 3811 ἔστιν
822 3761 849 3812 ὅ
899 3763 1110 3829 ἄγγελος
1158 3760 1184 3811 ὁ
1233 3758 1553 3817 ἕπιδεδωκώς
1596 3767 1667 3829 τῷ
1717 3764 1816 3829 λαῷ
1867 3762 1958 3821 τὰς
2006 3760 2251 3828 ῥάβδους.
2308 3771 2505 3824 graece
2548 3755 2731 3826 potius

537 3860 698 3912 quam
736 3844 908 3899 latine
945 3843 1166 3913 scripsit
1205 3843 1330 3898 Sim.
1350 3843 1415 3910 V,
1453 3844 1482 3896 7
1504 3861 1557 3913 p.
1582 3846 1665 3897 86.
1704 3846 1751 3899 3.
1788 3848 1847 3898 4:
1886 3844 2253 3912 „Prioribus,“
2288 3842 2481 3911 inquit,
2517 3844 2731 3909 ,‚rebus,

538 3946 706 3999 quae
741 3946 842 4000 per
874 3930 1239 3999 ignorantiam
1277 3929 1667 3997 admiserunt,“
1704 3930 1890 3985 Mand.
1927 3933 2006 3986 IX
2040 3948 2092 3999 p.
2132 3933 2214 3996 5⁴,
2254 3932 2277 3984 1
2321 3930 2576 3997 quoniam
2604 3944 2730 3995 quo-

535 4016 696 4070 modo
733 4017 843 4083 (ὅτι
879 4019 1028 4084 πῶς).
1065 4031 1265 4083 graeca
1301 4032 1511 4084 quoque
1560 4018 1727 4073 verba
1760 4033 2164 4086 nonnumquam
2200 4016 2443 4081 retinuit,
2484 4015 2599 4069 Vis.
2636 4015 2731 4079 ΙΠ,

539 4106 596 4156 11
641 4119 694 4170 p.
733 4106 799 4154 28
839 4104 901 4156 10
939 4100 1158 4156 acedias
1192 4102 1376 4156 Mand.
1412 4104 1491 4157 XI
1526 4120 1579 4172 p.
1618 4105 1700 4170 63,
1746 4107 1766 4156 1
1811 4104 2092 4172 siphonem
2128 4117 2301 4170 aquae
2338 4106 2397 4156 et
2433 4099 2729 4170 siphoniza.

538 4189 664 4243 Sim.
701 4189 793 4255 VI,
835 4189 856 4241 1
897 4204 950 4256 p.
989 4190 1072 4254 81,
1112 4190 1174 4241 17
1213 4189 1528 4259 synthesim.
1566 4190 1711 4257 VIII,
1750 4194 1797 4255 4,
1833 4206 1886 4258 p.
1913 4191 2027 4255 103,
2054 4194 2083 4241 5
2121 4189 2328 4243 sabano
2364 4190 2516 4258 (bis).
2587 4189 2736 4255 VIII,

541 4277 571 4330 7
611 4292 665 4346 Ρ.
705 4277 822 4343 109,
857 4279 890 4329 4
925 4274 1118 4329 zelum.

1538 4354 1571 4382 ηρ
