<?xml version="1.0" encoding="UTF-8"?>
<!DOCTYPE html PUBLIC "-//W3C//DTD XHTML 1.0 Transitional//EN"
    "http://www.w3.org/TR/xhtml1/DTD/xhtml1-transitional.dtd">
<html xmlns="http://www.w3.org/1999/xhtml" xml:lang="en" lang="en">
 <head>
  <title>
</title>
<meta http-equiv="Content-Type" content="text/html;charset=utf-8" />
  <meta name='ocr-system' content='tesseract 3.04.00' />
  <meta name='ocr-capabilities' content='ocr_page ocr_carea ocr_par ocr_line ocrx_word'/>
</head>
<body>
  <div class='ocr_page' id='page_1' title='image "./hermaepastorvet01hermgoog_0125.png"; bbox 0 0 3003 5080; ppageno 0'>
   <div class='ocr_carea' id='block_1_1' title="bbox 1084 394 2412 463">
    <p class='ocr_par' dir='ltr' id='par_1_1' title="bbox 1084 394 2412 463">
     <span class='ocr_line' id='line_1_1' title="bbox 1084 394 2412 463; baseline 0.011 -14"><span class='ocrx_word' id='word_1_1' title='bbox 1084 394 1254 452; x_wconf 75' lang='lat' dir='ltr'>Simil.</span> <span class='ocrx_word' id='word_1_2' title='bbox 1290 394 1432 461; x_wconf 85' lang='lat' dir='ltr'>Vm,</span> <span class='ocrx_word' id='word_1_3' title='bbox 1467 396 1514 448; x_wconf 82' lang='grc'><strong>6.</strong></span> <span class='ocrx_word' id='word_1_4' title='bbox 2288 400 2412 463; x_wconf 85' lang='grc'>107</span> 
     </span>
    </p>
   </div>
   <div class='ocr_carea' id='block_1_2' title="bbox 217 567 2528 1881">
    <p class='ocr_par' dir='ltr' id='par_1_2' title="bbox 217 567 2528 1881">
     <span class='ocr_line' id='line_1_2' title="bbox 220 567 2480 647; baseline 0.003 -20"><span class='ocrx_word' id='word_1_5' title='bbox 220 575 419 642; x_wconf 78' lang='lat' dir='ltr'>toreS,</span> <span class='ocrx_word' id='word_1_6' title='bbox 488 568 590 647; x_wconf 89' lang='lat' dir='ltr'>qui</span> <span class='ocrx_word' id='word_1_7' title='bbox 646 567 802 629; x_wconf 86' lang='lat' dir='ltr'>inter</span> <span class='ocrx_word' id='word_1_8' title='bbox 861 567 1088 647; x_wconf 84' lang='lat' dir='ltr'>reliqua</span> <span class='ocrx_word' id='word_1_9' title='bbox 1143 587 1248 629; x_wconf 84' lang='lat' dir='ltr'>sua</span> <span class='ocrx_word' id='word_1_10' title='bbox 1295 567 1500 629; x_wconf 85' lang='lat' dir='ltr'>delicta</span> <span class='ocrx_word' id='word_1_11' title='bbox 1548 568 1816 630; x_wconf 81' lang='lat' dir='ltr'><strong>nefandis</strong></span> <span class='ocrx_word' id='word_1_12' title='bbox 1858 567 2053 630; x_wconf 83' lang='lat' dir='ltr'>verbis</span> <span class='ocrx_word' id='word_1_13' title='bbox 2096 568 2409 633; x_wconf 89' lang='lat' dir='ltr'>dominum</span> <span class='ocrx_word' id='word_1_14' title='bbox 2471 570 2480 575; x_wconf 72' lang='grc'><strong>“</strong></span> 
     </span>
     <span class='ocr_line' id='line_1_3' title="bbox 219 668 2409 750; baseline 0.003 -20"><span class='ocrx_word' id='word_1_15' title='bbox 219 670 476 733; x_wconf 86' lang='lat' dir='ltr'>insecuti</span> <span class='ocrx_word' id='word_1_16' title='bbox 525 690 748 733; x_wconf 87' lang='lat' dir='ltr'>nomen</span> <span class='ocrx_word' id='word_1_17' title='bbox 787 668 913 731; x_wconf 90' lang='lat' dir='ltr'>eius</span> <span class='ocrx_word' id='word_1_18' title='bbox 954 680 1341 750; x_wconf 83' lang='lat' dir='ltr'>negaverunt,</span> <span class='ocrx_word' id='word_1_19' title='bbox 1389 672 1550 749; x_wconf 87' lang='lat' dir='ltr'>quod</span> <span class='ocrx_word' id='word_1_20' title='bbox 1592 670 1654 731; x_wconf 92' lang='lat' dir='ltr'>in</span> <span class='ocrx_word' id='word_1_21' title='bbox 1701 690 1803 733; x_wconf 90' lang='lat' dir='ltr'>eos</span> <span class='ocrx_word' id='word_1_22' title='bbox 1845 680 1973 733; x_wconf 82' lang='lat' dir='ltr'>erat</span> <span class='ocrx_word' id='word_1_23' title='bbox 2005 672 2409 737; x_wconf 82' lang='lat' dir='ltr'>invocatu1n“.</span> 
     </span>
     <span class='ocr_line' id='line_1_4' title="bbox 219 772 2410 852; baseline 0.001 -19"><span class='ocrx_word' id='word_1_24' title='bbox 219 772 288 833; x_wconf 87' lang='lat' dir='ltr'>hi</span> <span class='ocrx_word' id='word_1_25' title='bbox 335 792 542 835; x_wconf 88' lang='lat' dir='ltr'>omnes</span> <span class='ocrx_word' id='word_1_26' title='bbox 584 772 808 833; x_wconf 85' lang='lat' dir='ltr'>mortui</span> <span class='ocrx_word' id='word_1_27' title='bbox 850 782 992 833; x_wconf 87' lang='lat' dir='ltr'>sunt</span> <span class='ocrx_word' id='word_1_28' title='bbox 1031 772 1172 847; x_wconf 83' lang='lat' dir='ltr'>deo,</span> <span class='ocrx_word' id='word_1_29' title='bbox 1217 781 1392 852; x_wconf 82' lang='lat' dir='ltr'>atque</span> <span class='ocrx_word' id='word_1_30' title='bbox 1435 774 1611 835; x_wconf 80' lang='lat' dir='ltr'>etiam</span> <span class='ocrx_word' id='word_1_31' title='bbox 1656 773 1813 834; x_wconf 90' lang='lat' dir='ltr'>vides</span> <span class='ocrx_word' id='word_1_32' title='bbox 1857 774 2158 835; x_wconf 89' lang='lat' dir='ltr'>neminem</span> <span class='ocrx_word' id='word_1_33' title='bbox 2202 795 2410 837; x_wconf 89' lang='lat' dir='ltr'>eorum</span> 
     </span>
     <span class='ocr_line' id='line_1_5' title="bbox 217 874 2410 957; baseline 0.001 -20"><span class='ocrx_word' id='word_1_34' title='bbox 217 875 412 955; x_wconf 79' lang='lat' dir='ltr'><strong>egisse</strong></span> <span class='ocrx_word' id='word_1_35' title='bbox 456 874 912 955; x_wconf 84' lang='lat' dir='ltr'>poenitentiam,</span> <span class='ocrx_word' id='word_1_36' title='bbox 957 876 1190 937; x_wconf 82' lang='lat' dir='ltr'>tametsi</span> <span class='ocrx_word' id='word_1_37' title='bbox 1235 875 1551 938; x_wconf 82' lang='lat' dir='ltr'>audierunt</span> <span class='ocrx_word' id='word_1_38' title='bbox 1593 876 1871 937; x_wconf 82' lang='lat' dir='ltr'>mandata</span> <span class='ocrx_word' id='word_1_39' title='bbox 1912 894 2073 952; x_wconf 84' lang='lat' dir='ltr'>mea,</span> <span class='ocrx_word' id='word_1_40' title='bbox 2134 896 2283 957; x_wconf 78' lang='lat' dir='ltr'>quae</span> <span class='ocrx_word' id='word_1_41' title='bbox 2327 878 2410 939; x_wconf 89' lang='lat' dir='ltr'>eis</span> 
     </span>
     <span class='ocr_line' id='line_1_6' title="bbox 221 976 2515 1085; baseline 0 -46"><span class='ocrx_word' id='word_1_42' title='bbox 221 988 291 1039; x_wconf 88' lang='lat' dir='ltr'>tu</span> <span class='ocrx_word' id='word_1_43' title='bbox 347 978 662 1057; x_wconf 83' lang='lat' dir='ltr'>pertulisti.</span> <span class='ocrx_word' id='word_1_44' title='bbox 708 977 782 1039; x_wconf 81' lang='lat' dir='ltr'>ab</span> <span class='ocrx_word' id='word_1_45' title='bbox 825 977 1114 1039; x_wconf 87' lang='lat' dir='ltr'>eiusmodi</span> <span class='ocrx_word' id='word_1_46' title='bbox 1157 978 1503 1040; x_wconf 84' lang='lat' dir='ltr'>hominibus</span> <span class='ocrx_word' id='word_1_47' title='bbox 1546 997 1689 1057; x_wconf 85' lang='lat' dir='ltr'>ergo</span> <span class='ocrx_word' id='word_1_48' title='bbox 1734 978 1900 1039; x_wconf 84' lang='lat' dir='ltr'>abest</span> <span class='ocrx_word' id='word_1_49' title='bbox 1941 978 2075 1039; x_wconf 81' lang='lat' dir='ltr'>vita.</span> <span class='ocrx_word' id='word_1_50' title='bbox 2141 980 2217 1085; x_wconf 32' lang='lat' dir='ltr'>b&amp;</span> <span class='ocrx_word' id='word_1_51' title='bbox 2248 998 2411 1059; x_wconf 85' lang='lat' dir='ltr'>erg0‚</span> <span class='ocrx_word' id='word_1_52' title='bbox 2466 976 2515 1039; x_wconf 87' lang='lat'>5</span> 
     </span>
     <span class='ocr_line' id='line_1_7' title="bbox 221 1080 2413 1161; baseline 0.001 -21"><span class='ocrx_word' id='word_1_53' title='bbox 221 1080 332 1159; x_wconf 86' lang='lat' dir='ltr'>qui</span> <span class='ocrx_word' id='word_1_54' title='bbox 390 1080 581 1141; x_wconf 79' lang='lat' dir='ltr'>aridas</span> <span class='ocrx_word' id='word_1_55' title='bbox 640 1089 700 1142; x_wconf 92' lang='lat' dir='ltr'>et</span> <span class='ocrx_word' id='word_1_56' title='bbox 755 1099 878 1140; x_wconf 89' lang='lat' dir='ltr'>non</span> <span class='ocrx_word' id='word_1_57' title='bbox 936 1080 1202 1160; x_wconf 81' lang='lat' dir='ltr'>putridas</span> <span class='ocrx_word' id='word_1_58' title='bbox 1245 1081 1649 1155; x_wconf 84' lang='lat' dir='ltr'>tradiderunt,</span> <span class='ocrx_word' id='word_1_59' title='bbox 1722 1099 1909 1161; x_wconf 82' lang='lat' dir='ltr'>prope</span> <span class='ocrx_word' id='word_1_60' title='bbox 1955 1080 2028 1141; x_wconf 83' lang='lat' dir='ltr'>ab</span> <span class='ocrx_word' id='word_1_61' title='bbox 2066 1081 2179 1145; x_wconf 88' lang='lat' dir='ltr'>illis</span> <span class='ocrx_word' id='word_1_62' title='bbox 2222 1091 2413 1157; x_wconf 84' lang='lat' dir='ltr'>erant,</span> 
     </span>
     <span class='ocr_line' id='line_1_8' title="bbox 219 1182 2414 1264; baseline 0.002 -21"><span class='ocrx_word' id='word_1_63' title='bbox 219 1183 390 1245; x_wconf 84' lang='lat' dir='ltr'>fincti</span> <span class='ocrx_word' id='word_1_64' title='bbox 433 1183 590 1248; x_wconf 83' lang='lat' dir='ltr'>enim</span> <span class='ocrx_word' id='word_1_65' title='bbox 631 1192 803 1244; x_wconf 83' lang='lat' dir='ltr'>erant</span> <span class='ocrx_word' id='word_1_66' title='bbox 845 1192 905 1244; x_wconf 87' lang='lat' dir='ltr'>et</span> <span class='ocrx_word' id='word_1_67' title='bbox 946 1184 1247 1245; x_wconf 81' lang='lat' dir='ltr'>doctrinas</span> <span class='ocrx_word' id='word_1_68' title='bbox 1290 1202 1500 1264; x_wconf 82' lang='lat' dir='ltr'>pravas</span> <span class='ocrx_word' id='word_1_69' title='bbox 1544 1182 1877 1245; x_wconf 82' lang='lat' dir='ltr'>inferebant</span> <span class='ocrx_word' id='word_1_70' title='bbox 1913 1191 1973 1245; x_wconf 89' lang='lat' dir='ltr'>et</span> <span class='ocrx_word' id='word_1_71' title='bbox 2000 1184 2414 1264; x_wconf 80' lang='lat' dir='ltr'>pervertebant</span> 
     </span>
     <span class='ocr_line' id='line_1_9' title="bbox 221 1284 2413 1367; baseline 0.002 -22"><span class='ocrx_word' id='word_1_72' title='bbox 221 1284 321 1346; x_wconf 84' lang='lat' dir='ltr'>dei</span> <span class='ocrx_word' id='word_1_73' title='bbox 363 1304 597 1365; x_wconf 80' lang='lat' dir='ltr'>servos,</span> <span class='ocrx_word' id='word_1_74' title='bbox 639 1286 952 1365; x_wconf 75' lang='lat' dir='ltr'>praecipue</span> <span class='ocrx_word' id='word_1_75' title='bbox 996 1306 1100 1347; x_wconf 92' lang='lat' dir='ltr'>eos</span> <span class='ocrx_word' id='word_1_76' title='bbox 1142 1287 1242 1365; x_wconf 89' lang='lat' dir='ltr'>qui</span> <span class='ocrx_word' id='word_1_77' title='bbox 1285 1294 1661 1367; x_wconf 82' lang='lat' dir='ltr'>peccassent,</span> <span class='ocrx_word' id='word_1_78' title='bbox 1736 1305 1847 1347; x_wconf 88' lang='lat' dir='ltr'>nec</span> <span class='ocrx_word' id='word_1_79' title='bbox 1891 1286 2150 1349; x_wconf 89' lang='lat' dir='ltr'>sinentes</span> <span class='ocrx_word' id='word_1_80' title='bbox 2194 1308 2295 1349; x_wconf 88' lang='lat' dir='ltr'>eos</span> <span class='ocrx_word' id='word_1_81' title='bbox 2338 1290 2413 1349; x_wconf 84' lang='lat' dir='ltr'>ad</span> 
     </span>
     <span class='ocr_line' id='line_1_10' title="bbox 220 1388 2420 1471; baseline 0.002 -24"><span class='ocrx_word' id='word_1_82' title='bbox 220 1388 652 1467; x_wconf 78' lang='lat' dir='ltr'>poenitentiam</span> <span class='ocrx_word' id='word_1_83' title='bbox 706 1388 932 1463; x_wconf 88' lang='lat' dir='ltr'>redire,</span> <span class='ocrx_word' id='word_1_84' title='bbox 1007 1390 1111 1450; x_wconf 89' lang='lat' dir='ltr'>sed</span> <span class='ocrx_word' id='word_1_85' title='bbox 1169 1389 1454 1451; x_wconf 84' lang='lat' dir='ltr'>doctrinis</span> <span class='ocrx_word' id='word_1_86' title='bbox 1510 1388 1685 1449; x_wconf 86' lang='lat' dir='ltr'>fatuis</span> <span class='ocrx_word' id='word_1_87' title='bbox 1743 1388 2089 1451; x_wconf 75' lang='lat' dir='ltr'>detinentes,</span> <span class='ocrx_word' id='word_1_88' title='bbox 2149 1390 2213 1451; x_wconf 90' lang='lat' dir='ltr'>hi</span> <span class='ocrx_word' id='word_1_89' title='bbox 2270 1410 2420 1471; x_wconf 85' lang='lat' dir='ltr'>ergo</span> 
     </span>
     <span class='ocr_line' id='line_1_11' title="bbox 221 1490 2528 1574; baseline 0.003 -23"><span class='ocrx_word' id='word_1_90' title='bbox 221 1490 449 1552; x_wconf 74' lang='lat' dir='ltr'>habent</span> <span class='ocrx_word' id='word_1_91' title='bbox 503 1492 578 1553; x_wconf 76' lang='lat' dir='ltr'>ad</span> <span class='ocrx_word' id='word_1_92' title='bbox 634 1509 798 1570; x_wconf 90' lang='lat' dir='ltr'>spem</span> <span class='ocrx_word' id='word_1_93' title='bbox 860 1510 1230 1571; x_wconf 84' lang='lat' dir='ltr'>regressum3</span> <span class='ocrx_word' id='word_1_94' title='bbox 1295 1500 1474 1569; x_wconf 83' lang='lat' dir='ltr'>atque</span> <span class='ocrx_word' id='word_1_95' title='bbox 1531 1490 1708 1553; x_wconf 80' lang='lat' dir='ltr'>etiam</span> <span class='ocrx_word' id='word_1_96' title='bbox 1768 1492 1987 1553; x_wconf 89' lang='lat' dir='ltr'>multos</span> <span class='ocrx_word' id='word_1_97' title='bbox 2040 1492 2202 1554; x_wconf 85' lang='lat' dir='ltr'>vides</span> <span class='ocrx_word' id='word_1_98' title='bbox 2243 1494 2528 1574; x_wconf 67' lang='lat' dir='ltr'>agere103</span> 
     </span>
     <span class='ocr_line' id='line_1_12' title="bbox 223 1592 2429 1676; baseline 0.002 -22"><span class='ocrx_word' id='word_1_99' title='bbox 223 1593 688 1673; x_wconf 81' lang='lat' dir='ltr'>poenitentiam,</span> <span class='ocrx_word' id='word_1_100' title='bbox 753 1613 824 1654; x_wconf 85' lang='lat' dir='ltr'>ex</span> <span class='ocrx_word' id='word_1_101' title='bbox 885 1612 1005 1672; x_wconf 88' lang='lat' dir='ltr'>quo</span> <span class='ocrx_word' id='word_1_102' title='bbox 1064 1592 1147 1653; x_wconf 88' lang='lat' dir='ltr'>eis</span> <span class='ocrx_word' id='word_1_103' title='bbox 1205 1593 1478 1653; x_wconf 72' lang='lat' dir='ltr'>mandata</span> <span class='ocrx_word' id='word_1_104' title='bbox 1537 1612 1668 1655; x_wconf 78' lang='lat' dir='ltr'>mea</span> <span class='ocrx_word' id='word_1_105' title='bbox 1726 1593 2055 1676; x_wconf 83' lang='lat' dir='ltr'>protulisti,</span> <span class='ocrx_word' id='word_1_106' title='bbox 2122 1603 2182 1657; x_wconf 91' lang='lat' dir='ltr'>et</span> <span class='ocrx_word' id='word_1_107' title='bbox 2222 1598 2429 1659; x_wconf 82' lang='lat' dir='ltr'>adhuc-</span> 
     </span>
     <span class='ocr_line' id='line_1_13' title="bbox 223 1694 2431 1777; baseline 0.003 -22"><span class='ocrx_word' id='word_1_108' title='bbox 223 1703 407 1775; x_wconf 79' lang='lat' dir='ltr'>agent</span> <span class='ocrx_word' id='word_1_109' title='bbox 462 1696 908 1775; x_wconf 81' lang='lat' dir='ltr'>poenitentiam.</span> <span class='ocrx_word' id='word_1_110' title='bbox 965 1696 1302 1776; x_wconf 84' lang='lat' dir='ltr'>quicunque</span> <span class='ocrx_word' id='word_1_111' title='bbox 1346 1715 1482 1757; x_wconf 87' lang='lat' dir='ltr'>vero</span> <span class='ocrx_word' id='word_1_112' title='bbox 1530 1715 1655 1756; x_wconf 91' lang='lat' dir='ltr'>non</span> <span class='ocrx_word' id='word_1_113' title='bbox 1702 1696 1929 1777; x_wconf 85' lang='lat' dir='ltr'>egerint</span> <span class='ocrx_word' id='word_1_114' title='bbox 1969 1694 2431 1777; x_wconf 56' lang='lat' dir='ltr'>poenitentiam„</span> 
     </span>
     <span class='ocr_line' id='line_1_14' title="bbox 224 1796 2428 1881; baseline 0.002 -22"><span class='ocrx_word' id='word_1_115' title='bbox 224 1798 618 1879; x_wconf 83' lang='lat' dir='ltr'>perdiderunt</span> <span class='ocrx_word' id='word_1_116' title='bbox 672 1799 847 1859; x_wconf 84' lang='lat' dir='ltr'>vitam</span> <span class='ocrx_word' id='word_1_117' title='bbox 891 1817 1082 1860; x_wconf 84' lang='lat' dir='ltr'>suam.</span> <span class='ocrx_word' id='word_1_118' title='bbox 1126 1806 1186 1861; x_wconf 86' lang='lat' dir='ltr'>at</span> <span class='ocrx_word' id='word_1_119' title='bbox 1230 1798 1321 1874; x_wconf 83' lang='lat' dir='ltr'>hi,</span> <span class='ocrx_word' id='word_1_120' title='bbox 1395 1798 1498 1879; x_wconf 87' lang='lat' dir='ltr'>qui</span> <span class='ocrx_word' id='word_1_121' title='bbox 1542 1798 1802 1879; x_wconf 80' lang='lat' dir='ltr'>egerint,</span> <span class='ocrx_word' id='word_1_122' title='bbox 1868 1796 2040 1881; x_wconf 87' lang='lat' dir='ltr'>[boni</span> <span class='ocrx_word' id='word_1_123' title='bbox 2082 1811 2428 1875; x_wconf 54' lang='lat' dir='ltr'>evaserunt„</span> 
     </span>
    </p>
   </div>
   <div class='ocr_carea' id='block_1_3' title="bbox 229 1935 648 1946">
    <p class='ocr_par' dir='ltr' id='par_1_3' title="bbox 229 1935 648 1946">
     <span class='ocr_line' id='line_1_15' title="bbox 229 1935 648 1946; baseline 0 0"><span class='ocrx_word' id='word_1_124' title='bbox 229 1935 648 1946; x_wconf 95' lang='lat' dir='ltr'> </span> 
     </span>
    </p>
   </div>
   <div class='ocr_carea' id='block_1_4' title="bbox 223 2015 2543 4230">
    <p class='ocr_par' dir='ltr' id='par_1_4' title="bbox 223 2015 2543 4230">
     <span class='ocr_line' id='line_1_16' title="bbox 373 2015 2428 2087; baseline 0.001 -16"><span class='ocrx_word' id='word_1_125' title='bbox 373 2022 423 2071; x_wconf 82' lang='lat'><strong>1.</strong></span> <span class='ocrx_word' id='word_1_126' title='bbox 459 2015 600 2069; x_wconf 84' lang='lat' dir='ltr'>inter</span> <span class='ocrx_word' id='word_1_127' title='bbox 635 2033 684 2073; x_wconf 87' lang='lat' dir='ltr'>c.</span> <span class='ocrx_word' id='word_1_128' title='bbox 715 2016 837 2071; x_wconf 82' lang='lat' dir='ltr'>Vat.</span> <span class='ocrx_word' id='word_1_129' title='bbox 874 2016 963 2076; x_wconf 87' lang='lat' dir='ltr'>ed.</span> <span class='ocrx_word' id='word_1_130' title='bbox 993 2031 1072 2084; x_wconf 89' lang='lat' dir='ltr'>pr.</span> <span class='ocrx_word' id='word_1_131' title='bbox 1108 2033 1174 2080; x_wconf 84' lang='lat' dir='ltr'>v.,</span> <span class='ocrx_word' id='word_1_132' title='bbox 1208 2016 1352 2071; x_wconf 79' lang='lat' dir='ltr'>intra</span> <span class='ocrx_word' id='word_1_133' title='bbox 1385 2015 1452 2073; x_wconf 98' lang='lat' dir='ltr'><strong>D.</strong></span> <span class='ocrx_word' id='word_1_134' title='bbox 1487 2044 1557 2059; x_wconf 86' lang='lat'>—-</span> <span class='ocrx_word' id='word_1_135' title='bbox 1591 2017 1803 2085; x_wconf 77' lang='lat' dir='ltr'>reliqua</span> <span class='ocrx_word' id='word_1_136' title='bbox 1836 2032 1938 2072; x_wconf 79' lang='lat' dir='ltr'>sua</span> <span class='ocrx_word' id='word_1_137' title='bbox 1972 2034 2015 2076; x_wconf 86' lang='lat' dir='ltr'>c.</span> <span class='ocrx_word' id='word_1_138' title='bbox 2053 2020 2177 2079; x_wconf 77' lang='lat' dir='ltr'>Vat,</span> <span class='ocrx_word' id='word_1_139' title='bbox 2214 2018 2296 2073; x_wconf 85' lang='lat' dir='ltr'>ed.</span> <span class='ocrx_word' id='word_1_140' title='bbox 2333 2035 2428 2087; x_wconf 56' lang='lat' dir='ltr'>pr„</span> 
     </span>
     <span class='ocr_line' id='line_1_17' title="bbox 225 2101 2425 2171; baseline 0.001 -14"><span class='ocrx_word' id='word_1_141' title='bbox 225 2120 306 2167; x_wconf 81' lang='lat' dir='ltr'>v.,</span> <span class='ocrx_word' id='word_1_142' title='bbox 343 2116 445 2157; x_wconf 75' lang='lat' dir='ltr'>sua</span> <span class='ocrx_word' id='word_1_143' title='bbox 479 2101 688 2170; x_wconf 76' lang='lat' dir='ltr'>reliqua</span> <span class='ocrx_word' id='word_1_144' title='bbox 719 2103 787 2158; x_wconf 87' lang='lat' dir='ltr'>D.</span> <span class='ocrx_word' id='word_1_145' title='bbox 821 2132 887 2143; x_wconf 83' lang='lat'>-·</span> <span class='ocrx_word' id='word_1_146' title='bbox 957 2105 1006 2157; x_wconf 82' lang='lat'><strong>2.</strong></span> <span class='ocrx_word' id='word_1_147' title='bbox 1042 2101 1272 2157; x_wconf 83' lang='lat' dir='ltr'>insecuti</span> <span class='ocrx_word' id='word_1_148' title='bbox 1305 2118 1352 2159; x_wconf 91' lang='lat' dir='ltr'>c.</span> <span class='ocrx_word' id='word_1_149' title='bbox 1385 2101 1451 2158; x_wconf 89' lang='lat' dir='ltr'>D.</span> <span class='ocrx_word' id='word_1_150' title='bbox 1486 2104 1609 2157; x_wconf 74' lang='lat' dir='ltr'>Vnt.</span> <span class='ocrx_word' id='word_1_151' title='bbox 1641 2103 1775 2158; x_wconf 83' lang='lat' dir='ltr'>Mss.</span> <span class='ocrx_word' id='word_1_152' title='bbox 1808 2104 1990 2171; x_wconf 67' lang='lat' dir='ltr'>Angl„</span> <span class='ocrx_word' id='word_1_153' title='bbox 2044 2103 2295 2158; x_wconf 80' lang='lat' dir='ltr'>insectati</span> <span class='ocrx_word' id='word_1_154' title='bbox 2327 2104 2425 2161; x_wconf 54' lang='lat' dir='ltr'>ed.</span> 
     </span>
     <span class='ocr_line' id='line_1_18' title="bbox 223 2187 2427 2257; baseline 0.003 -16"><span class='ocrx_word' id='word_1_155' title='bbox 223 2203 311 2257; x_wconf 82' lang='lat' dir='ltr'>pr.</span> <span class='ocrx_word' id='word_1_156' title='bbox 347 2204 396 2241; x_wconf 81' lang='lat' dir='ltr'><strong>v.</strong></span> <span class='ocrx_word' id='word_1_157' title='bbox 431 2216 497 2227; x_wconf 96' lang='lat'>—</span> <span class='ocrx_word' id='word_1_158' title='bbox 531 2187 588 2241; x_wconf 88' lang='lat' dir='ltr'>in</span> <span class='ocrx_word' id='word_1_159' title='bbox 624 2203 718 2242; x_wconf 90' lang='lat' dir='ltr'>eos</span> <span class='ocrx_word' id='word_1_160' title='bbox 754 2204 799 2241; x_wconf 85' lang='lat' dir='ltr'>c.</span> <span class='ocrx_word' id='word_1_161' title='bbox 834 2187 899 2242; x_wconf 91' lang='lat' dir='ltr'>D.</span> <span class='ocrx_word' id='word_1_162' title='bbox 934 2188 1087 2249; x_wconf 65' lang='lat' dir='ltr'>Vnt..</span> <span class='ocrx_word' id='word_1_163' title='bbox 1125 2203 1288 2257; x_wconf 83' lang='lat' dir='ltr'>super</span> <span class='ocrx_word' id='word_1_164' title='bbox 1326 2203 1420 2244; x_wconf 84' lang='lat' dir='ltr'>eos</span> <span class='ocrx_word' id='word_1_165' title='bbox 1457 2188 1540 2243; x_wconf 89' lang='lat' dir='ltr'>ed.</span> <span class='ocrx_word' id='word_1_166' title='bbox 1574 2204 1655 2257; x_wconf 89' lang='lat' dir='ltr'>pr.</span> <span class='ocrx_word' id='word_1_167' title='bbox 1689 2207 1735 2245; x_wconf 83' lang='lat' dir='ltr'><strong>v.</strong></span> <span class='ocrx_word' id='word_1_168' title='bbox 1776 2222 1841 2237; x_wconf 81' lang='lat'>--</span> <span class='ocrx_word' id='word_1_169' title='bbox 1914 2191 1961 2243; x_wconf 82' lang='lat'><strong>3.</strong></span> <span class='ocrx_word' id='word_1_170' title='bbox 1995 2188 2055 2241; x_wconf 88' lang='lat' dir='ltr'>hi</span> <span class='ocrx_word' id='word_1_171' title='bbox 2088 2205 2136 2246; x_wconf 87' lang='lat' dir='ltr'>c.</span> <span class='ocrx_word' id='word_1_172' title='bbox 2170 2189 2239 2245; x_wconf 95' lang='lat' dir='ltr'>D.</span> <span class='ocrx_word' id='word_1_173' title='bbox 2275 2190 2427 2253; x_wconf 79' lang='lat' dir='ltr'>Vat.‚.</span> 
     </span>
     <span class='ocr_line' id='line_1_19' title="bbox 225 2272 2430 2342; baseline -0 -15"><span class='ocrx_word' id='word_1_174' title='bbox 225 2273 292 2327; x_wconf 85' lang='lat' dir='ltr'>hi</span> <span class='ocrx_word' id='word_1_175' title='bbox 338 2272 503 2342; x_wconf 87' lang='lat' dir='ltr'>igitur</span> <span class='ocrx_word' id='word_1_176' title='bbox 548 2273 630 2327; x_wconf 84' lang='lat' dir='ltr'>ed.</span> <span class='ocrx_word' id='word_1_177' title='bbox 665 2290 746 2341; x_wconf 90' lang='lat' dir='ltr'>pr.</span> <span class='ocrx_word' id='word_1_178' title='bbox 779 2290 828 2329; x_wconf 75' lang='lat' dir='ltr'><strong>v..</strong></span> <span class='ocrx_word' id='word_1_179' title='bbox 861 2304 933 2315; x_wconf 89' lang='lat'>-—</span> <span class='ocrx_word' id='word_1_180' title='bbox 983 2273 1134 2327; x_wconf 84' lang='lat' dir='ltr'>vides</span> <span class='ocrx_word' id='word_1_181' title='bbox 1179 2274 1446 2329; x_wconf 78' lang='lat' dir='ltr'>neminem</span> <span class='ocrx_word' id='word_1_182' title='bbox 1493 2290 1681 2330; x_wconf 88' lang='lat' dir='ltr'>eorum</span> <span class='ocrx_word' id='word_1_183' title='bbox 1731 2291 1777 2331; x_wconf 83' lang='lat' dir='ltr'>c.</span> <span class='ocrx_word' id='word_1_184' title='bbox 1808 2274 1905 2340; x_wconf 87' lang='lat' dir='ltr'>D.,</span> <span class='ocrx_word' id='word_1_185' title='bbox 1956 2274 2224 2328; x_wconf 88' lang='lat' dir='ltr'>neminem</span> <span class='ocrx_word' id='word_1_186' title='bbox 2268 2275 2430 2331; x_wconf 80' lang='lat' dir='ltr'>vides.</span> 
     </span>
     <span class='ocr_line' id='line_1_20' title="bbox 227 2358 2429 2428; baseline 0 -13"><span class='ocrx_word' id='word_1_187' title='bbox 227 2373 422 2415; x_wconf 78' lang='lat' dir='ltr'>eorum</span> <span class='ocrx_word' id='word_1_188' title='bbox 455 2358 606 2425; x_wconf 65' lang='lat' dir='ltr'>Vnt„</span> <span class='ocrx_word' id='word_1_189' title='bbox 659 2360 926 2414; x_wconf 88' lang='lat' dir='ltr'>neminem</span> <span class='ocrx_word' id='word_1_190' title='bbox 971 2375 1156 2415; x_wconf 89' lang='lat' dir='ltr'>eorum</span> <span class='ocrx_word' id='word_1_191' title='bbox 1199 2360 1350 2415; x_wconf 80' lang='lat' dir='ltr'>vides</span> <span class='ocrx_word' id='word_1_192' title='bbox 1401 2362 1484 2415; x_wconf 88' lang='lat' dir='ltr'>ed.</span> <span class='ocrx_word' id='word_1_193' title='bbox 1514 2377 1597 2428; x_wconf 89' lang='lat' dir='ltr'>pr.</span> <span class='ocrx_word' id='word_1_194' title='bbox 1634 2378 1684 2417; x_wconf 84' lang='lat' dir='ltr'><strong>v.</strong></span> <span class='ocrx_word' id='word_1_195' title='bbox 1738 2390 1805 2403; x_wconf 88' lang='lat'>-·-</span> <span class='ocrx_word' id='word_1_196' title='bbox 1874 2365 1922 2415; x_wconf 88' lang='lat'>4.</span> <span class='ocrx_word' id='word_1_197' title='bbox 1968 2359 2185 2414; x_wconf 76' lang='lat' dir='ltr'>tametsi</span> <span class='ocrx_word' id='word_1_198' title='bbox 2216 2376 2261 2415; x_wconf 91' lang='lat' dir='ltr'>c.</span> <span class='ocrx_word' id='word_1_199' title='bbox 2296 2360 2429 2415; x_wconf 84' lang='lat' dir='ltr'>Vat..</span> 
     </span>
     <span class='ocr_line' id='line_1_21' title="bbox 224 2444 2421 2513; baseline 0.001 -17"><span class='ocrx_word' id='word_1_200' title='bbox 224 2446 368 2511; x_wconf 79' lang='lat' dir='ltr'>(tam</span> <span class='ocrx_word' id='word_1_201' title='bbox 399 2450 456 2497; x_wconf 87' lang='lat' dir='ltr'>et</span> <span class='ocrx_word' id='word_1_202' title='bbox 489 2444 564 2513; x_wconf 84' lang='lat' dir='ltr'>si)</span> <span class='ocrx_word' id='word_1_203' title='bbox 598 2444 683 2498; x_wconf 83' lang='lat' dir='ltr'>ed.</span> <span class='ocrx_word' id='word_1_204' title='bbox 717 2460 798 2513; x_wconf 86' lang='lat' dir='ltr'>pr.</span> <span class='ocrx_word' id='word_1_205' title='bbox 833 2463 909 2511; x_wconf 89' lang='lat' dir='ltr'>v.,</span> <span class='ocrx_word' id='word_1_206' title='bbox 939 2451 1121 2499; x_wconf 81' lang='lat' dir='ltr'>tamen</span> <span class='ocrx_word' id='word_1_207' title='bbox 1155 2444 1256 2499; x_wconf 87' lang='lat' dir='ltr'>etsi</span> <span class='ocrx_word' id='word_1_208' title='bbox 1292 2447 1358 2501; x_wconf 93' lang='lat' dir='ltr'>D.</span> <span class='ocrx_word' id='word_1_209' title='bbox 1399 2474 1466 2487; x_wconf 92' lang='lat'>-</span> <span class='ocrx_word' id='word_1_210' title='bbox 1520 2446 1808 2501; x_wconf 76' lang='lat' dir='ltr'>audierunt</span> <span class='ocrx_word' id='word_1_211' title='bbox 1841 2462 1889 2503; x_wconf 88' lang='lat' dir='ltr'>c.</span> <span class='ocrx_word' id='word_1_212' title='bbox 1923 2446 1995 2499; x_wconf 92' lang='lat' dir='ltr'>D.</span> <span class='ocrx_word' id='word_1_213' title='bbox 2032 2447 2151 2500; x_wconf 83' lang='lat' dir='ltr'>Vat.</span> <span class='ocrx_word' id='word_1_214' title='bbox 2167 2482 2184 2509; x_wconf 84' lang='lat'>‚</span> <span class='ocrx_word' id='word_1_215' title='bbox 2235 2445 2421 2500; x_wconf 84' lang='lat' dir='ltr'>audie-</span> 
     </span>
     <span class='ocr_line' id='line_1_22' title="bbox 226 2523 2429 2598; baseline 0.001 -15"><span class='ocrx_word' id='word_1_216' title='bbox 226 2528 348 2584; x_wconf 86' lang='lat' dir='ltr'>rint</span> <span class='ocrx_word' id='word_1_217' title='bbox 380 2523 462 2584; x_wconf 87' lang='lat' dir='ltr'>ed.</span> <span class='ocrx_word' id='word_1_218' title='bbox 495 2546 575 2598; x_wconf 90' lang='lat' dir='ltr'>pr.</span> <span class='ocrx_word' id='word_1_219' title='bbox 611 2548 660 2585; x_wconf 78' lang='lat' dir='ltr'><strong>v.</strong></span> <span class='ocrx_word' id='word_1_220' title='bbox 713 2560 762 2570; x_wconf 91' lang='lat'><em>-</em></span> <span class='ocrx_word' id='word_1_221' title='bbox 835 2535 884 2587; x_wconf 78' lang='lat'><strong>4.</strong></span> <span class='ocrx_word' id='word_1_222' title='bbox 922 2534 971 2589; x_wconf 72' lang='lat'><strong>5.</strong></span> <span class='ocrx_word' id='word_1_223' title='bbox 1008 2530 1089 2585; x_wconf 82' lang='lat' dir='ltr'>eis</span> <span class='ocrx_word' id='word_1_224' title='bbox 1123 2536 1185 2592; x_wconf 81' lang='lat' dir='ltr'>tu.</span> <span class='ocrx_word' id='word_1_225' title='bbox 1218 2531 1488 2598; x_wconf 84' lang='lat' dir='ltr'>pertulisti</span> <span class='ocrx_word' id='word_1_226' title='bbox 1528 2547 1572 2587; x_wconf 90' lang='lat' dir='ltr'>c.</span> <span class='ocrx_word' id='word_1_227' title='bbox 1609 2531 1701 2594; x_wconf 86' lang='lat' dir='ltr'><strong>D.,</strong></span> <span class='ocrx_word' id='word_1_228' title='bbox 1738 2532 1819 2586; x_wconf 88' lang='lat' dir='ltr'>eis</span> <span class='ocrx_word' id='word_1_229' title='bbox 1850 2529 2121 2598; x_wconf 82' lang='lat' dir='ltr'>pertulisti</span> <span class='ocrx_word' id='word_1_230' title='bbox 2154 2530 2305 2594; x_wconf 54' lang='lat' dir='ltr'>Vati,</span> <span class='ocrx_word' id='word_1_231' title='bbox 2340 2530 2429 2586; x_wconf 66' lang='lat' dir='ltr'>eis</span> 
     </span>
     <span class='ocr_line' id='line_1_23' title="bbox 226 2603 2429 2686; baseline 0.001 -16"><span class='ocrx_word' id='word_1_232' title='bbox 226 2621 294 2670; x_wconf 78' lang='lat' dir='ltr'>tn</span> <span class='ocrx_word' id='word_1_233' title='bbox 311 2616 586 2685; x_wconf 81' lang='lat' dir='ltr'>protulisti</span> <span class='ocrx_word' id='word_1_234' title='bbox 605 2616 691 2674; x_wconf 88' lang='lat' dir='ltr'>ed.</span> <span class='ocrx_word' id='word_1_235' title='bbox 711 2633 789 2686; x_wconf 84' lang='lat' dir='ltr'>pr.</span> <span class='ocrx_word' id='word_1_236' title='bbox 809 2635 856 2671; x_wconf 83' lang='lat' dir='ltr'><strong>v.</strong></span> <span class='ocrx_word' id='word_1_237' title='bbox 879 2603 973 2679; x_wconf 70' lang='lat' dir='ltr'>(tii</span> <span class='ocrx_word' id='word_1_238' title='bbox 984 2617 1104 2680; x_wconf 86' lang='lat' dir='ltr'>eis).</span> <span class='ocrx_word' id='word_1_239' title='bbox 1125 2645 1190 2656; x_wconf 90' lang='lat'><em>-</em></span> <span class='ocrx_word' id='word_1_240' title='bbox 1227 2621 1276 2673; x_wconf 84' lang='lat'><strong>5.</strong></span> <span class='ocrx_word' id='word_1_241' title='bbox 1296 2617 1559 2672; x_wconf 82' lang='lat' dir='ltr'>eiusmodi</span> <span class='ocrx_word' id='word_1_242' title='bbox 1580 2635 1625 2673; x_wconf 87' lang='lat' dir='ltr'>c.</span> <span class='ocrx_word' id='word_1_243' title='bbox 1642 2617 1710 2674; x_wconf 90' lang='lat' dir='ltr'>D.</span> <span class='ocrx_word' id='word_1_244' title='bbox 1729 2617 1871 2681; x_wconf 74' lang='lat' dir='ltr'>Vat„</span> <span class='ocrx_word' id='word_1_245' title='bbox 1906 2615 2215 2671; x_wconf 89' lang='lat' dir='ltr'>huiusmodi</span> <span class='ocrx_word' id='word_1_246' title='bbox 2234 2617 2315 2671; x_wconf 89' lang='lat' dir='ltr'>ed.</span> <span class='ocrx_word' id='word_1_247' title='bbox 2338 2633 2429 2684; x_wconf 77' lang='lat' dir='ltr'>pr.</span> 
     </span>
     <span class='ocr_line' id='line_1_24' title="bbox 227 2701 2425 2771; baseline 0 -15"><span class='ocrx_word' id='word_1_248' title='bbox 227 2719 280 2756; x_wconf 82' lang='lat' dir='ltr'><strong>v.</strong></span> <span class='ocrx_word' id='word_1_249' title='bbox 298 2731 371 2741; x_wconf 92' lang='lat'>--</span> <span class='ocrx_word' id='word_1_250' title='bbox 403 2701 710 2758; x_wconf 86' lang='lat' dir='ltr'>hominibus</span> <span class='ocrx_word' id='word_1_251' title='bbox 745 2719 872 2771; x_wconf 82' lang='lat' dir='ltr'>ergo</span> <span class='ocrx_word' id='word_1_252' title='bbox 904 2704 1060 2758; x_wconf 79' lang='lat' dir='ltr'>abest</span> <span class='ocrx_word' id='word_1_253' title='bbox 1089 2701 1200 2757; x_wconf 75' lang='lat' dir='ltr'>vita</span> <span class='ocrx_word' id='word_1_254' title='bbox 1233 2703 1283 2768; x_wconf 80' lang='grc' dir='ltr'>(ἦ</span> <span class='ocrx_word' id='word_1_255' title='bbox 1323 2705 1421 2770; x_wconf 61' lang='grc' dir='ltr'>ζωὴ7</span> <span class='ocrx_word' id='word_1_256' title='bbox 1453 2705 1611 2756; x_wconf 56' lang='lat' dir='ltr'>«insen</span> <span class='ocrx_word' id='word_1_257' title='bbox 1622 2706 1672 2770; x_wconf 80' lang='grc' dir='ltr'>η)</span> <span class='ocrx_word' id='word_1_258' title='bbox 1706 2717 1751 2766; x_wconf 71' lang='grc' dir='ltr'>ο,</span> <span class='ocrx_word' id='word_1_259' title='bbox 1774 2702 1838 2755; x_wconf 91' lang='lat' dir='ltr'>D.</span> <span class='ocrx_word' id='word_1_260' title='bbox 1873 2702 2069 2770; x_wconf 79' lang='lat' dir='ltr'>(habes</span> <span class='ocrx_word' id='word_1_261' title='bbox 2102 2701 2207 2770; x_wconf 84' lang='lat' dir='ltr'>ita)</span> <span class='ocrx_word' id='word_1_262' title='bbox 2234 2702 2320 2756; x_wconf 88' lang='lat' dir='ltr'>ed.</span> <span class='ocrx_word' id='word_1_263' title='bbox 2340 2718 2425 2769; x_wconf 66' lang='lat' dir='ltr'>pr..</span> 
     </span>
     <span class='ocr_line' id='line_1_25' title="bbox 228 2787 2425 2856; baseline 0.001 -16"><span class='ocrx_word' id='word_1_264' title='bbox 228 2788 394 2855; x_wconf 85' lang='lat' dir='ltr'>(ergo</span> <span class='ocrx_word' id='word_1_265' title='bbox 409 2787 592 2856; x_wconf 56' lang='lat' dir='ltr'>hom-J,</span> <span class='ocrx_word' id='word_1_266' title='bbox 627 2788 942 2844; x_wconf 85' lang='lat' dir='ltr'>hominibus.</span> <span class='ocrx_word' id='word_1_267' title='bbox 979 2788 1126 2856; x_wconf 81' lang='lat' dir='ltr'>Ergo</span> <span class='ocrx_word' id='word_1_268' title='bbox 1149 2787 1394 2844; x_wconf 71' lang='lat' dir='ltr'>tuhabes</span> <span class='ocrx_word' id='word_1_269' title='bbox 1414 2790 1492 2844; x_wconf 80' lang='lat' dir='ltr'>ita</span> <span class='ocrx_word' id='word_1_270' title='bbox 1508 2789 1648 2854; x_wconf 67' lang='lat' dir='ltr'>Vat„</span> <span class='ocrx_word' id='word_1_271' title='bbox 1676 2803 1803 2856; x_wconf 84' lang='lat' dir='ltr'>ergo</span> <span class='ocrx_word' id='word_1_272' title='bbox 1821 2787 2145 2844; x_wconf 57' lang='lat' dir='ltr'>hominibus</span> <span class='ocrx_word' id='word_1_273' title='bbox 2174 2795 2236 2841; x_wconf 89' lang='lat' dir='ltr'>tu</span> <span class='ocrx_word' id='word_1_274' title='bbox 2252 2788 2425 2842; x_wconf 80' lang='lat' dir='ltr'>habes</span> 
     </span>
     <span class='ocr_line' id='line_1_26' title="bbox 227 2871 2427 2944; baseline 0.002 -18"><span class='ocrx_word' id='word_1_275' title='bbox 227 2872 312 2926; x_wconf 73' lang='lat' dir='ltr'>ita</span> <span class='ocrx_word' id='word_1_276' title='bbox 327 2871 392 2926; x_wconf 87' lang='lat' dir='ltr'>L.</span> <span class='ocrx_word' id='word_1_277' title='bbox 427 2902 496 2914; x_wconf 94' lang='lat'>—-</span> <span class='ocrx_word' id='word_1_278' title='bbox 533 2889 660 2943; x_wconf 83' lang='lat' dir='ltr'>ergo</span> <span class='ocrx_word' id='word_1_279' title='bbox 696 2877 806 2944; x_wconf 72' lang='grc' dir='ltr'>(δὲ)</span> <span class='ocrx_word' id='word_1_280' title='bbox 841 2891 885 2930; x_wconf 87' lang='lat' dir='ltr'>c.</span> <span class='ocrx_word' id='word_1_281' title='bbox 920 2877 1004 2941; x_wconf 78' lang='lat' dir='ltr'>D.,</span> <span class='ocrx_word' id='word_1_282' title='bbox 1039 2889 1250 2942; x_wconf 88' lang='lat' dir='ltr'>quoque</span> <span class='ocrx_word' id='word_1_283' title='bbox 1274 2876 1392 2928; x_wconf 76' lang='lat' dir='ltr'>Vat.</span> <span class='ocrx_word' id='word_1_284' title='bbox 1425 2874 1514 2931; x_wconf 91' lang='lat' dir='ltr'>ed.</span> <span class='ocrx_word' id='word_1_285' title='bbox 1546 2890 1631 2942; x_wconf 89' lang='lat' dir='ltr'>pr.</span> <span class='ocrx_word' id='word_1_286' title='bbox 1663 2892 1711 2929; x_wconf 86' lang='lat' dir='ltr'><strong>v.</strong></span> <span class='ocrx_word' id='word_1_287' title='bbox 1748 2903 1813 2919; x_wconf 54' lang='grc' dir='ltr'>-ψ</span> <span class='ocrx_word' id='word_1_288' title='bbox 1864 2875 1912 2931; x_wconf 84' lang='grc'><strong>6.</strong></span> <span class='ocrx_word' id='word_1_289' title='bbox 1948 2889 2113 2942; x_wconf 90' lang='lat' dir='ltr'>prope</span> <span class='ocrx_word' id='word_1_290' title='bbox 2149 2890 2197 2929; x_wconf 88' lang='lat' dir='ltr'>c.</span> <span class='ocrx_word' id='word_1_291' title='bbox 2215 2873 2281 2929; x_wconf 91' lang='lat' dir='ltr'>D.</span> <span class='ocrx_word' id='word_1_292' title='bbox 2302 2874 2427 2930; x_wconf 67' lang='lat' dir='ltr'>Vct.</span> 
     </span>
     <span class='ocr_line' id='line_1_27' title="bbox 227 2958 2427 3029; baseline 0.002 -17"><span class='ocrx_word' id='word_1_293' title='bbox 227 2958 370 3013; x_wconf 81' lang='lat' dir='ltr'>Mss.</span> <span class='ocrx_word' id='word_1_294' title='bbox 402 2960 561 3028; x_wconf 83' lang='lat' dir='ltr'>Angl.</span> <span class='ocrx_word' id='word_1_295' title='bbox 576 3000 590 3024; x_wconf 93' lang='lat'>‚</span> <span class='ocrx_word' id='word_1_296' title='bbox 625 2977 734 3015; x_wconf 81' lang='lat' dir='ltr'>non</span> <span class='ocrx_word' id='word_1_297' title='bbox 766 2961 954 3029; x_wconf 88' lang='lat' dir='ltr'>procul</span> <span class='ocrx_word' id='word_1_298' title='bbox 989 2960 1074 3017; x_wconf 88' lang='lat' dir='ltr'>ed.</span> <span class='ocrx_word' id='word_1_299' title='bbox 1109 2975 1188 3026; x_wconf 86' lang='lat' dir='ltr'>pr.</span> <span class='ocrx_word' id='word_1_300' title='bbox 1224 2977 1274 3014; x_wconf 83' lang='lat' dir='ltr'><strong>v.</strong></span> <span class='ocrx_word' id='word_1_301' title='bbox 1311 2991 1376 3000; x_wconf 89' lang='lat'>——</span> <span class='ocrx_word' id='word_1_302' title='bbox 1414 2967 1571 3015; x_wconf 83' lang='lat' dir='ltr'>erant</span> <span class='ocrx_word' id='word_1_303' title='bbox 1602 2977 1646 3016; x_wconf 87' lang='lat' dir='ltr'>c.</span> <span class='ocrx_word' id='word_1_304' title='bbox 1687 2959 1755 3012; x_wconf 90' lang='lat' dir='ltr'>D.</span> <span class='ocrx_word' id='word_1_305' title='bbox 1790 2965 1909 3014; x_wconf 85' lang='lat' dir='ltr'>vat.</span> <span class='ocrx_word' id='word_1_306' title='bbox 1927 3000 1941 3025; x_wconf 94' lang='lat'>‚</span> <span class='ocrx_word' id='word_1_307' title='bbox 1976 2958 2201 3014; x_wconf 76' lang='lat' dir='ltr'>fuerunt</span> <span class='ocrx_word' id='word_1_308' title='bbox 2232 2959 2319 3014; x_wconf 84' lang='lat' dir='ltr'>ed.</span> <span class='ocrx_word' id='word_1_309' title='bbox 2339 2975 2427 3026; x_wconf 78' lang='lat' dir='ltr'>pr.</span> 
     </span>
     <span class='ocr_line' id='line_1_28' title="bbox 229 3044 2425 3114; baseline 0.001 -16"><span class='ocrx_word' id='word_1_310' title='bbox 229 3059 283 3099; x_wconf 82' lang='lat' dir='ltr'><strong>v.</strong></span> <span class='ocrx_word' id='word_1_311' title='bbox 318 3072 390 3090; x_wconf 59' lang='lat'>2-</span> <span class='ocrx_word' id='word_1_312' title='bbox 461 3046 508 3101; x_wconf 86' lang='lat'><strong>7.</strong></span> <span class='ocrx_word' id='word_1_313' title='bbox 540 3045 690 3102; x_wconf 86' lang='lat' dir='ltr'>fincti</span> <span class='ocrx_word' id='word_1_314' title='bbox 725 3047 821 3114; x_wconf 84' lang='lat' dir='ltr'><strong>(cf.</strong></span> <span class='ocrx_word' id='word_1_315' title='bbox 855 3045 1122 3102; x_wconf 84' lang='lat' dir='ltr'>Roensch.</span> <span class='ocrx_word' id='word_1_316' title='bbox 1156 3044 1220 3099; x_wconf 87' lang='lat' dir='ltr'>1t.</span> <span class='ocrx_word' id='word_1_317' title='bbox 1254 3061 1309 3102; x_wconf 92' lang='lat' dir='ltr'>u.</span> <span class='ocrx_word' id='word_1_318' title='bbox 1352 3046 1510 3114; x_wconf 84' lang='lat' dir='ltr'>Vulg.</span> <span class='ocrx_word' id='word_1_319' title='bbox 1543 3061 1595 3114; x_wconf 86' lang='lat' dir='ltr'>p.</span> <span class='ocrx_word' id='word_1_320' title='bbox 1632 3047 1761 3114; x_wconf 76' lang='lat'>295)</span> <span class='ocrx_word' id='word_1_321' title='bbox 1797 3044 1969 3110; x_wconf 84' lang='lat' dir='ltr'>edidi,</span> <span class='ocrx_word' id='word_1_322' title='bbox 2004 3044 2176 3098; x_wconf 77' lang='lat' dir='ltr'>functi</span> <span class='ocrx_word' id='word_1_323' title='bbox 2209 3045 2306 3099; x_wconf 82' lang='lat' dir='ltr'>al’s</span> <span class='ocrx_word' id='word_1_324' title='bbox 2340 3045 2425 3100; x_wconf 83' lang='lat' dir='ltr'>fu·</span> 
     </span>
     <span class='ocr_line' id='line_1_29' title="bbox 229 3129 2429 3201; baseline 0.001 -17"><span class='ocrx_word' id='word_1_325' title='bbox 229 3129 381 3184; x_wconf 82' lang='lat' dir='ltr'>nesti</span> <span class='ocrx_word' id='word_1_326' title='bbox 417 3131 508 3197; x_wconf 90' lang='lat' dir='ltr'>D.,</span> <span class='ocrx_word' id='word_1_327' title='bbox 561 3132 672 3186; x_wconf 86' lang='lat' dir='ltr'>ficti</span> <span class='ocrx_word' id='word_1_328' title='bbox 722 3135 844 3188; x_wconf 79' lang='lat' dir='ltr'>Vat.</span> <span class='ocrx_word' id='word_1_329' title='bbox 881 3132 966 3188; x_wconf 89' lang='lat' dir='ltr'>ed.</span> <span class='ocrx_word' id='word_1_330' title='bbox 1002 3147 1084 3200; x_wconf 87' lang='lat' dir='ltr'>pr.</span> <span class='ocrx_word' id='word_1_331' title='bbox 1117 3150 1166 3186; x_wconf 80' lang='lat' dir='ltr'><strong>v.</strong></span> <span class='ocrx_word' id='word_1_332' title='bbox 1201 3159 1270 3180; x_wconf 54' lang='grc' dir='ltr'>-μ-</span> <span class='ocrx_word' id='word_1_333' title='bbox 1320 3147 1517 3201; x_wconf 78' lang='lat' dir='ltr'>pravas</span> <span class='ocrx_word' id='word_1_334' title='bbox 1551 3131 1857 3187; x_wconf 78' lang='lat' dir='ltr'>inferebant</span> <span class='ocrx_word' id='word_1_335' title='bbox 1891 3145 1939 3186; x_wconf 86' lang='lat' dir='ltr'>c.</span> <span class='ocrx_word' id='word_1_336' title='bbox 1974 3129 2041 3186; x_wconf 90' lang='lat' dir='ltr'>D.</span> <span class='ocrx_word' id='word_1_337' title='bbox 2055 3169 2069 3194; x_wconf 90' lang='lat'><strong>‚</strong></span> <span class='ocrx_word' id='word_1_338' title='bbox 2122 3129 2429 3186; x_wconf 78' lang='lat' dir='ltr'>inferebant</span> 
     </span>
     <span class='ocr_line' id='line_1_30' title="bbox 229 3216 2427 3286; baseline 0 -16"><span class='ocrx_word' id='word_1_339' title='bbox 229 3230 434 3284; x_wconf 79' lang='lat' dir='ltr'>pravas</span> <span class='ocrx_word' id='word_1_340' title='bbox 468 3218 588 3272; x_wconf 72' lang='lat' dir='ltr'>Vnt.</span> <span class='ocrx_word' id='word_1_341' title='bbox 602 3258 618 3282; x_wconf 90' lang='lat'>‚</span> <span class='ocrx_word' id='word_1_342' title='bbox 669 3233 866 3286; x_wconf 78' lang='lat' dir='ltr'>pravas</span> <span class='ocrx_word' id='word_1_343' title='bbox 909 3219 1208 3272; x_wconf 86' lang='lat' dir='ltr'>intulerunt</span> <span class='ocrx_word' id='word_1_344' title='bbox 1252 3217 1336 3270; x_wconf 85' lang='lat' dir='ltr'>ed.</span> <span class='ocrx_word' id='word_1_345' title='bbox 1366 3233 1450 3285; x_wconf 92' lang='lat' dir='ltr'>pr.</span> <span class='ocrx_word' id='word_1_346' title='bbox 1484 3234 1533 3272; x_wconf 82' lang='lat' dir='ltr'><strong>v.</strong></span> <span class='ocrx_word' id='word_1_347' title='bbox 1579 3243 1646 3258; x_wconf 92' lang='lat'>-</span> <span class='ocrx_word' id='word_1_348' title='bbox 1698 3217 2075 3284; x_wconf 76' lang='lat' dir='ltr'>pervertebant</span> <span class='ocrx_word' id='word_1_349' title='bbox 2108 3230 2154 3269; x_wconf 89' lang='lat' dir='ltr'>c.</span> <span class='ocrx_word' id='word_1_350' title='bbox 2188 3216 2255 3273; x_wconf 91' lang='lat' dir='ltr'>D.</span> <span class='ocrx_word' id='word_1_351' title='bbox 2290 3217 2427 3283; x_wconf 68' lang='lat' dir='ltr'>Vnt„</span> 
     </span>
     <span class='ocr_line' id='line_1_31' title="bbox 227 3302 2427 3372; baseline 0.002 -18"><span class='ocrx_word' id='word_1_352' title='bbox 227 3307 612 3370; x_wconf 82' lang='lat' dir='ltr'>perverterunt</span> <span class='ocrx_word' id='word_1_353' title='bbox 643 3304 726 3360; x_wconf 86' lang='lat' dir='ltr'>ed.</span> <span class='ocrx_word' id='word_1_354' title='bbox 764 3321 848 3372; x_wconf 81' lang='lat' dir='ltr'>pr.</span> <span class='ocrx_word' id='word_1_355' title='bbox 883 3323 931 3359; x_wconf 83' lang='lat' dir='ltr'><strong>v.</strong></span> <span class='ocrx_word' id='word_1_356' title='bbox 965 3335 1034 3345; x_wconf 93' lang='lat'>--</span> <span class='ocrx_word' id='word_1_357' title='bbox 1081 3307 1130 3358; x_wconf 84' lang='grc'><strong>8.</strong></span> <span class='ocrx_word' id='word_1_358' title='bbox 1165 3303 1252 3356; x_wconf 86' lang='lat' dir='ltr'>dei</span> <span class='ocrx_word' id='word_1_359' title='bbox 1289 3317 1474 3358; x_wconf 85' lang='lat' dir='ltr'>servos</span> <span class='ocrx_word' id='word_1_360' title='bbox 1506 3317 1555 3360; x_wconf 89' lang='lat' dir='ltr'>c.</span> <span class='ocrx_word' id='word_1_361' title='bbox 1590 3303 1655 3357; x_wconf 94' lang='lat' dir='ltr'><strong>D.</strong></span> <span class='ocrx_word' id='word_1_362' title='bbox 1693 3304 1814 3357; x_wconf 80' lang='lat' dir='ltr'>Vat.</span> <span class='ocrx_word' id='word_1_363' title='bbox 1851 3302 1935 3356; x_wconf 87' lang='lat' dir='ltr'>ed.</span> <span class='ocrx_word' id='word_1_364' title='bbox 1968 3318 2079 3370; x_wconf 89' lang='lat' dir='ltr'>pr.,</span> <span class='ocrx_word' id='word_1_365' title='bbox 2114 3317 2299 3358; x_wconf 84' lang='lat' dir='ltr'>servos</span> <span class='ocrx_word' id='word_1_366' title='bbox 2338 3304 2427 3358; x_wconf 86' lang='lat' dir='ltr'>dei</span> 
     </span>
     <span class='ocr_line' id='line_1_32' title="bbox 228 3387 2427 3457; baseline -0.002 -14"><span class='ocrx_word' id='word_1_367' title='bbox 228 3405 284 3443; x_wconf 84' lang='lat' dir='ltr'><strong>v.</strong></span> <span class='ocrx_word' id='word_1_368' title='bbox 322 3415 393 3426; x_wconf 91' lang='lat'>——</span> <span class='ocrx_word' id='word_1_369' title='bbox 427 3403 528 3444; x_wconf 83' lang='lat' dir='ltr'>nec</span> <span class='ocrx_word' id='word_1_370' title='bbox 557 3402 606 3444; x_wconf 87' lang='lat' dir='ltr'>c.</span> <span class='ocrx_word' id='word_1_371' title='bbox 640 3389 710 3448; x_wconf 89' lang='lat' dir='ltr'><strong>D.</strong></span> <span class='ocrx_word' id='word_1_372' title='bbox 743 3389 869 3447; x_wconf 79' lang='lat' dir='ltr'>Vat.</span> <span class='ocrx_word' id='word_1_373' title='bbox 903 3391 1122 3453; x_wconf 83' lang='lat' dir='ltr'>Dress.‚</span> <span class='ocrx_word' id='word_1_374' title='bbox 1169 3404 1278 3443; x_wconf 86' lang='lat' dir='ltr'>non</span> <span class='ocrx_word' id='word_1_375' title='bbox 1313 3387 1398 3446; x_wconf 86' lang='lat' dir='ltr'>ed.</span> <span class='ocrx_word' id='word_1_376' title='bbox 1432 3403 1513 3457; x_wconf 81' lang='lat' dir='ltr'>pr.</span> <span class='ocrx_word' id='word_1_377' title='bbox 1547 3406 1595 3442; x_wconf 81' lang='lat' dir='ltr'><strong>v.</strong></span> <span class='ocrx_word' id='word_1_378' title='bbox 1630 3417 1697 3432; x_wconf 87' lang='lat'>--</span> <span class='ocrx_word' id='word_1_379' title='bbox 1752 3403 1849 3444; x_wconf 87' lang='lat' dir='ltr'>eos</span> <span class='ocrx_word' id='word_1_380' title='bbox 1882 3402 1930 3443; x_wconf 87' lang='lat' dir='ltr'>c.</span> <span class='ocrx_word' id='word_1_381' title='bbox 1962 3387 2085 3442; x_wconf 78' lang='lat' dir='ltr'>Vat.</span> <span class='ocrx_word' id='word_1_382' title='bbox 2120 3389 2203 3444; x_wconf 86' lang='lat' dir='ltr'>ed.</span> <span class='ocrx_word' id='word_1_383' title='bbox 2238 3405 2321 3457; x_wconf 91' lang='lat' dir='ltr'>pr.</span> <span class='ocrx_word' id='word_1_384' title='bbox 2355 3407 2427 3454; x_wconf 83' lang='lat' dir='ltr'>v.,</span> 
     </span>
     <span class='ocr_line' id='line_1_33' title="bbox 229 3473 2431 3542; baseline 0.001 -15"><span class='ocrx_word' id='word_1_385' title='bbox 229 3489 338 3527; x_wconf 87' lang='lat' dir='ltr'>om.</span> <span class='ocrx_word' id='word_1_386' title='bbox 373 3473 442 3531; x_wconf 91' lang='lat' dir='ltr'><strong>D.</strong></span> <span class='ocrx_word' id='word_1_387' title='bbox 475 3503 546 3518; x_wconf 88' lang='lat'>·-</span> <span class='ocrx_word' id='word_1_388' title='bbox 615 3479 662 3530; x_wconf 84' lang='grc'><strong>9.</strong></span> <span class='ocrx_word' id='word_1_389' title='bbox 703 3475 958 3531; x_wconf 84' lang='lat' dir='ltr'>doctrinis</span> <span class='ocrx_word' id='word_1_390' title='bbox 993 3491 1041 3532; x_wconf 85' lang='lat' dir='ltr'>c.</span> <span class='ocrx_word' id='word_1_391' title='bbox 1072 3475 1136 3529; x_wconf 93' lang='lat' dir='ltr'><strong>D.</strong></span> <span class='ocrx_word' id='word_1_392' title='bbox 1174 3475 1258 3531; x_wconf 82' lang='lat' dir='ltr'>ed.</span> <span class='ocrx_word' id='word_1_393' title='bbox 1293 3489 1373 3542; x_wconf 90' lang='lat' dir='ltr'>pr.</span> <span class='ocrx_word' id='word_1_394' title='bbox 1409 3492 1487 3539; x_wconf 83' lang='lat' dir='ltr'>v.,</span> <span class='ocrx_word' id='word_1_395' title='bbox 1522 3473 1794 3530; x_wconf 77' lang='lat' dir='ltr'>doctrinas</span> <span class='ocrx_word' id='word_1_396' title='bbox 1830 3476 1949 3530; x_wconf 78' lang='lat' dir='ltr'>Vat.</span> <span class='ocrx_word' id='word_1_397' title='bbox 1984 3503 2054 3514; x_wconf 92' lang='lat'><em>-</em></span> <span class='ocrx_word' id='word_1_398' title='bbox 2124 3476 2204 3528; x_wconf 89' lang='lat'><strong>11.</strong></span> <span class='ocrx_word' id='word_1_399' title='bbox 2244 3479 2326 3533; x_wconf 78' lang='lat'><strong>12.</strong></span> <span class='ocrx_word' id='word_1_400' title='bbox 2362 3490 2431 3530; x_wconf 83' lang='lat' dir='ltr'>ex</span> 
     </span>
     <span class='ocr_line' id='line_1_34' title="bbox 233 3559 2429 3630; baseline 0.002 -18"><span class='ocrx_word' id='word_1_401' title='bbox 233 3577 348 3628; x_wconf 89' lang='lat' dir='ltr'>quo</span> <span class='ocrx_word' id='word_1_402' title='bbox 385 3587 456 3600; x_wconf 90' lang='lat'><em>-</em></span> <span class='ocrx_word' id='word_1_403' title='bbox 489 3567 651 3629; x_wconf 79' lang='lat' dir='ltr'>agent</span> <span class='ocrx_word' id='word_1_404' title='bbox 683 3559 1068 3629; x_wconf 77' lang='lat' dir='ltr'>poenitentiam</span> <span class='ocrx_word' id='word_1_405' title='bbox 1103 3576 1150 3617; x_wconf 89' lang='lat' dir='ltr'>c.</span> <span class='ocrx_word' id='word_1_406' title='bbox 1185 3561 1251 3614; x_wconf 92' lang='lat' dir='ltr'><strong>D.</strong></span> <span class='ocrx_word' id='word_1_407' title='bbox 1289 3560 1372 3615; x_wconf 89' lang='lat' dir='ltr'>ed.</span> <span class='ocrx_word' id='word_1_408' title='bbox 1405 3575 1488 3628; x_wconf 87' lang='lat' dir='ltr'>pr.</span> <span class='ocrx_word' id='word_1_409' title='bbox 1523 3577 1591 3622; x_wconf 83' lang='lat' dir='ltr'>v..</span> <span class='ocrx_word' id='word_1_410' title='bbox 1628 3575 1732 3616; x_wconf 80' lang='lat' dir='ltr'>om.</span> <span class='ocrx_word' id='word_1_411' title='bbox 1768 3561 1891 3616; x_wconf 76' lang='lat' dir='ltr'>Vat.</span> <span class='ocrx_word' id='word_1_412' title='bbox 1930 3587 1997 3601; x_wconf 92' lang='lat'>—</span> <span class='ocrx_word' id='word_1_413' title='bbox 2072 3561 2155 3618; x_wconf 86' lang='lat'><strong>12.</strong></span> <span class='ocrx_word' id='word_1_414' title='bbox 2194 3562 2276 3614; x_wconf 86' lang='grc'><strong>13.</strong></span> <span class='ocrx_word' id='word_1_415' title='bbox 2312 3561 2429 3630; x_wconf 88' lang='lat' dir='ltr'>qui-</span> 
     </span>
     <span class='ocr_line' id='line_1_35' title="bbox 230 3645 2543 3715; baseline 0.001 -15"><span class='ocrx_word' id='word_1_416' title='bbox 230 3661 450 3712; x_wconf 88' lang='lat' dir='ltr'>cunque</span> <span class='ocrx_word' id='word_1_417' title='bbox 496 3662 622 3702; x_wconf 82' lang='lat' dir='ltr'>vero</span> <span class='ocrx_word' id='word_1_418' title='bbox 667 3663 777 3702; x_wconf 88' lang='lat' dir='ltr'>non</span> <span class='ocrx_word' id='word_1_419' title='bbox 816 3647 1025 3715; x_wconf 83' lang='lat' dir='ltr'>egerint</span> <span class='ocrx_word' id='word_1_420' title='bbox 1055 3645 1435 3714; x_wconf 80' lang='lat' dir='ltr'>poenitentiam</span> <span class='ocrx_word' id='word_1_421' title='bbox 1451 3685 1465 3709; x_wconf 89' lang='lat'>,</span> <span class='ocrx_word' id='word_1_422' title='bbox 1519 3645 1871 3714; x_wconf 85' lang='lat' dir='ltr'>perdiderunt</span> <span class='ocrx_word' id='word_1_423' title='bbox 1904 3646 2069 3702; x_wconf 75' lang='lat' dir='ltr'>vitam</span> <span class='ocrx_word' id='word_1_424' title='bbox 2104 3661 2258 3700; x_wconf 72' lang='lat' dir='ltr'>suam</span> <span class='ocrx_word' id='word_1_425' title='bbox 2291 3649 2433 3715; x_wconf 67' lang='grc' dir='ltr'>(ὅσοι</span> <span class='ocrx_word' id='word_1_426' title='bbox 2538 3707 2543 3710; x_wconf 65' lang='grc'><strong>,</strong></span> 
     </span>
     <span class='ocr_line' id='line_1_36' title="bbox 233 3731 2431 3802; baseline 0.001 -19"><span class='ocrx_word' id='word_1_427' title='bbox 233 3732 300 3784; x_wconf 74' lang='grc' dir='ltr'>δὲ</span> <span class='ocrx_word' id='word_1_428' title='bbox 335 3733 394 3785; x_wconf 76' lang='grc' dir='ltr'>οὐ</span> <span class='ocrx_word' id='word_1_429' title='bbox 429 3733 856 3802; x_wconf 73' lang='grc' dir='ltr'><strong><em>μετανοήσουσιν,</em></strong></span> <span class='ocrx_word' id='word_1_430' title='bbox 889 3734 1166 3786; x_wconf 68' lang='grc' dir='ltr'><strong><em>ἀπώλεσαν</em></strong></span> <span class='ocrx_word' id='word_1_431' title='bbox 1200 3735 1297 3796; x_wconf 74' lang='grc' dir='ltr'>τὴν</span> <span class='ocrx_word' id='word_1_432' title='bbox 1336 3733 1464 3798; x_wconf 78' lang='grc' dir='ltr'><strong><em>ζωὴν</em></strong></span> <span class='ocrx_word' id='word_1_433' title='bbox 1499 3733 1701 3798; x_wconf 73' lang='grc' dir='ltr'><strong><em>αὐτῶν)</em></strong></span> <span class='ocrx_word' id='word_1_434' title='bbox 1738 3732 1943 3788; x_wconf 73' lang='lat' dir='ltr'>emend.</span> <span class='ocrx_word' id='word_1_435' title='bbox 1978 3731 2073 3801; x_wconf 83' lang='lat' dir='ltr'><strong>(cf.</strong></span> <span class='ocrx_word' id='word_1_436' title='bbox 2108 3731 2277 3797; x_wconf 58' lang='lat' dir='ltr'>Pam,</span> <span class='ocrx_word' id='word_1_437' title='bbox 2314 3733 2431 3801; x_wconf 85' lang='lat' dir='ltr'>qui-</span> 
     </span>
     <span class='ocr_line' id='line_1_37' title="bbox 231 3816 2431 3888; baseline 0.002 -19"><span class='ocrx_word' id='word_1_438' title='bbox 231 3830 452 3884; x_wconf 79' lang='lat' dir='ltr'>cunque</span> <span class='ocrx_word' id='word_1_439' title='bbox 505 3833 630 3874; x_wconf 81' lang='lat' dir='ltr'>vero</span> <span class='ocrx_word' id='word_1_440' title='bbox 682 3834 791 3874; x_wconf 89' lang='lat' dir='ltr'>non</span> <span class='ocrx_word' id='word_1_441' title='bbox 835 3823 1060 3888; x_wconf 85' lang='lat' dir='ltr'>egerunt</span> <span class='ocrx_word' id='word_1_442' title='bbox 1103 3824 1160 3872; x_wconf 87' lang='lat' dir='ltr'>et</span> <span class='ocrx_word' id='word_1_443' title='bbox 1202 3817 1535 3887; x_wconf 80' lang='lat' dir='ltr'>pacienciam</span> <span class='ocrx_word' id='word_1_444' title='bbox 1579 3817 1931 3886; x_wconf 87' lang='lat' dir='ltr'>perdiderunt</span> <span class='ocrx_word' id='word_1_445' title='bbox 1974 3823 2031 3871; x_wconf 86' lang='lat' dir='ltr'>et</span> <span class='ocrx_word' id='word_1_446' title='bbox 2078 3816 2243 3872; x_wconf 80' lang='lat' dir='ltr'>vitam</span> <span class='ocrx_word' id='word_1_447' title='bbox 2276 3833 2431 3873; x_wconf 76' lang='lat' dir='ltr'>suam</span> 
     </span>
     <span class='ocr_line' id='line_1_38' title="bbox 234 3901 2433 3973; baseline 0 -15"><span class='ocrx_word' id='word_1_448' title='bbox 234 3904 488 3958; x_wconf 77' lang='lat' dir='ltr'>amittent</span> <span class='ocrx_word' id='word_1_449' title='bbox 533 3903 624 3970; x_wconf 90' lang='lat' dir='ltr'>D.,</span> <span class='ocrx_word' id='word_1_450' title='bbox 676 3904 982 3973; x_wconf 83' lang='lat' dir='ltr'>quicunque</span> <span class='ocrx_word' id='word_1_451' title='bbox 1026 3919 1154 3959; x_wconf 84' lang='lat' dir='ltr'>vero</span> <span class='ocrx_word' id='word_1_452' title='bbox 1199 3919 1308 3958; x_wconf 89' lang='lat' dir='ltr'>non</span> <span class='ocrx_word' id='word_1_453' title='bbox 1355 3901 1570 3972; x_wconf 77' lang='lat' dir='ltr'>egerint</span> <span class='ocrx_word' id='word_1_454' title='bbox 1608 3901 1993 3970; x_wconf 82' lang='lat' dir='ltr'>poenitentiam</span> <span class='ocrx_word' id='word_1_455' title='bbox 2028 3907 2083 3956; x_wconf 81' lang='lat' dir='ltr'>et</span> <span class='ocrx_word' id='word_1_456' title='bbox 2114 3903 2433 3971; x_wconf 78' lang='lat' dir='ltr'>patientiam</span> 
     </span>
     <span class='ocr_line' id='line_1_39' title="bbox 233 3987 2433 4059; baseline 0.001 -17"><span class='ocrx_word' id='word_1_457' title='bbox 233 3995 300 4042; x_wconf 83' lang='lat' dir='ltr'>et</span> <span class='ocrx_word' id='word_1_458' title='bbox 332 3987 494 4046; x_wconf 82' lang='lat' dir='ltr'>vitam</span> <span class='ocrx_word' id='word_1_459' title='bbox 529 4004 684 4045; x_wconf 82' lang='lat' dir='ltr'>suam</span> <span class='ocrx_word' id='word_1_460' title='bbox 717 3990 1120 4054; x_wconf 66' lang='lat' dir='ltr'>amittentvat„</span> <span class='ocrx_word' id='word_1_461' title='bbox 1157 3988 1458 4058; x_wconf 85' lang='lat' dir='ltr'>quicunque</span> <span class='ocrx_word' id='word_1_462' title='bbox 1489 4003 1619 4044; x_wconf 76' lang='lat' dir='ltr'>vero</span> <span class='ocrx_word' id='word_1_463' title='bbox 1652 4003 1761 4044; x_wconf 86' lang='lat' dir='ltr'>non</span> <span class='ocrx_word' id='word_1_464' title='bbox 1794 3987 2003 4056; x_wconf 79' lang='lat' dir='ltr'>egerint</span> <span class='ocrx_word' id='word_1_465' title='bbox 2030 3988 2433 4059; x_wconf 77' lang='lat' dir='ltr'>poenitentiam,</span> 
     </span>
     <span class='ocr_line' id='line_1_40' title="bbox 233 4073 2433 4144; baseline -0.002 -17"><span class='ocrx_word' id='word_1_466' title='bbox 233 4073 282 4127; x_wconf 87' lang='lat' dir='ltr'>ii</span> <span class='ocrx_word' id='word_1_467' title='bbox 335 4081 389 4128; x_wconf 80' lang='lat' dir='ltr'>et</span> <span class='ocrx_word' id='word_1_468' title='bbox 436 4075 752 4142; x_wconf 75' lang='lat' dir='ltr'>patientiam</span> <span class='ocrx_word' id='word_1_469' title='bbox 801 4076 1154 4144; x_wconf 62' lang='lat' dir='ltr'>perdifflenunt</span> <span class='ocrx_word' id='word_1_470' title='bbox 1199 4079 1256 4128; x_wconf 78' lang='lat' dir='ltr'>et</span> <span class='ocrx_word' id='word_1_471' title='bbox 1300 4073 1473 4137; x_wconf 65' lang='lat' dir='ltr'>vitam</span> <span class='ocrx_word' id='word_1_472' title='bbox 1510 4088 1666 4130; x_wconf 75' lang='lat' dir='ltr'>suam</span> <span class='ocrx_word' id='word_1_473' title='bbox 1710 4075 1957 4128; x_wconf 75' lang='lat' dir='ltr'>amittent</span> <span class='ocrx_word' id='word_1_474' title='bbox 2002 4073 2085 4128; x_wconf 87' lang='lat' dir='ltr'>ed.</span> <span class='ocrx_word' id='word_1_475' title='bbox 2134 4089 2215 4142; x_wconf 90' lang='lat' dir='ltr'>pr.</span> <span class='ocrx_word' id='word_1_476' title='bbox 2266 4093 2313 4130; x_wconf 72' lang='lat' dir='ltr'><strong>v.</strong></span> <span class='ocrx_word' id='word_1_477' title='bbox 2364 4104 2433 4123; x_wconf 60' lang='lat'>-2</span> 
     </span>
     <span class='ocr_line' id='line_1_41' title="bbox 241 4157 2436 4230; baseline 0.002 -16"><span class='ocrx_word' id='word_1_478' title='bbox 241 4161 334 4215; x_wconf 88' lang='grc'><strong>13.</strong></span> <span class='ocrx_word' id='word_1_479' title='bbox 366 4159 452 4226; x_wconf 84' lang='lat' dir='ltr'>hi,</span> <span class='ocrx_word' id='word_1_480' title='bbox 507 4161 600 4229; x_wconf 84' lang='lat' dir='ltr'>qui</span> <span class='ocrx_word' id='word_1_481' title='bbox 634 4176 678 4216; x_wconf 90' lang='lat' dir='ltr'>c.</span> <span class='ocrx_word' id='word_1_482' title='bbox 714 4161 810 4226; x_wconf 94' lang='lat' dir='ltr'>D.,</span> <span class='ocrx_word' id='word_1_483' title='bbox 861 4160 919 4215; x_wconf 88' lang='lat' dir='ltr'>hi</span> <span class='ocrx_word' id='word_1_484' title='bbox 954 4161 1110 4228; x_wconf 63' lang='lat' dir='ltr'>Vat„</span> <span class='ocrx_word' id='word_1_485' title='bbox 1153 4159 1194 4214; x_wconf 92' lang='lat' dir='ltr'>ii</span> <span class='ocrx_word' id='word_1_486' title='bbox 1229 4159 1320 4230; x_wconf 86' lang='lat' dir='ltr'>qui</span> <span class='ocrx_word' id='word_1_487' title='bbox 1357 4160 1442 4217; x_wconf 88' lang='lat' dir='ltr'>ed.</span> <span class='ocrx_word' id='word_1_488' title='bbox 1477 4175 1587 4228; x_wconf 92' lang='lat' dir='ltr'>pr.‚</span> <span class='ocrx_word' id='word_1_489' title='bbox 1619 4158 1707 4215; x_wconf 87' lang='lat' dir='ltr'>his</span> <span class='ocrx_word' id='word_1_490' title='bbox 1740 4157 1833 4228; x_wconf 86' lang='lat' dir='ltr'>qui</span> <span class='ocrx_word' id='word_1_491' title='bbox 1868 4176 1915 4216; x_wconf 78' lang='lat' dir='ltr'><strong>v.</strong></span> <span class='ocrx_word' id='word_1_492' title='bbox 1951 4185 2017 4207; x_wconf 81' lang='lat'>-.-</span> <span class='ocrx_word' id='word_1_493' title='bbox 2074 4159 2219 4228; x_wconf 83' lang='lat' dir='ltr'>[boni</span> <span class='ocrx_word' id='word_1_494' title='bbox 2251 4175 2436 4218; x_wconf 62' lang='lat' dir='ltr'>evase«</span> 
     </span>
    </p>
   </div>
   <div class='ocr_carea' id='block_1_5' title="bbox 2991 48 2996 583">
    <p class='ocr_par' dir='ltr' id='par_1_5' title="bbox 2991 48 2996 583">
     <span class='ocr_line' id='line_1_42' title="bbox 2991 48 2996 583; baseline 0 0"><span class='ocrx_word' id='word_1_495' title='bbox 2991 48 2996 583; x_wconf 95' lang='lat' dir='ltr'> </span> 
     </span>
    </p>
   </div>
  </div>
 </body>
</html>
