3003 5080
1028 392 1198 451 simil.
1234 393 1324 463 lx,
1364 394 1443 448 18.
1487 396 1564 449 19.
2282 398 2405 465 143

219 580 386 633 erant
459 570 672 633 traditi
731 577 874 630 sunt
927 567 1229 649 spiritibus
1287 569 1635 649 perniciosis
1694 577 1869 649 atque
1922 570 2142 645 saeviS,
2215 580 2272 633 et
2328 572 2405 635 ita

215 675 578 755 purificatam
623 691 751 735 eam
795 671 1028 746 turrim,
1075 680 1142 732 ut
1186 674 1526 735 crederetur
1569 693 1639 735 ex
1685 692 1805 733 uno
1851 672 2042 752 lapide
2084 694 2211 737 esse
2248 683 2404 736 tota:

216 778 290 839 ita
347 787 402 839 et
461 777 707 839 ecclesia
769 776 861 837 dei
918 776 1411 855 cum'purificata
1475 776 1714 857 suerit,'
1758 775 1955 836 eiectis
2016 797 2087 837 ex
2127 797 2191 839 ea
2238 779 2407 839 malis

219 888 392 958 atque
451 880 602 942 fictis
662 889 722 940 et
770 878 1034 939 scelestis
1089 888 1148 940 et
1189 879 1382 941 dubiis
1427 889 1485 940 et
1531 878 1870 958 quicunque
1918 881 2189 957 nequiter
2234 881 2294 941 in
2339 901 2406 943 ea

216 992 524 1063 gesserunt
567 983 738 1045 variis
784 981 1078 1061 nequitiae
1122 990 1501 1061 peccatorum
1548 981 1901 1060 generibuS,
1962 992 2021 1044 et
2062 983 2172 1043 erit
2215 1003 2405 1045 unum
2466 984 2507 1046 5

219 1106 433 1167 corpus
478 1086 642 1162 eius,
704 1106 858 1147 unus
900 1085 1271 1154 intellectus,
1332 1104 1490 1147 unus
1536 1104 1781 1159 sensuS‚
1822 1103 1941 1145 una
1986 1085 2130 1147 fides
2172 1089 2407 1149 eadem-

221 1207 333 1267 que
377 1190 610 1250 caritaS.
667 1198 725 1249 et
769 1198 914 1251 tunc
960 1188 1116 1249 filius
1165 1189 1258 1249 dei
1301 1188 1613 1250 laetabitur
1658 1188 1811 1250 inter
1850 1188 1983 1249 illos
2026 1198 2085 1249 et
2125 1191 2407 1269 percipiet

219 1290 574 1373 voluptatem
619 1311 773 1371 puro
820 1300 1056 1371 recepto
1102 1292 1326 1371 populo
1372 1294 1577 1373 suo“.·

439 1404 496 1456 et
544 1395 694 1456 dixi:
745 1395 1089 1474 „Magnifice
1119 1403 1178 1455 et
1203 1395 1474 1475 honeste,
1524 1394 1782 1475 domine,
1832 1414 1895 1455 se
1923 1380 2405 1458 habent‘cuncta.

220 1516 381 1559 nunc
441 1498 586 1558 mihi
645 1500 985 1559 demonstra
1047 1498 1321 1559 effectum
1384 1506 1441 1559 et
1499 1498 1614 1557 vim
1658 1497 2123 1576 uniuscuiusque
2168 1500 2509 1577 montiS,10

221 1610 284 1661 ut
333 1602 527 1662 omnis
571 1602 772 1663 anima>
814 1602 1002 1661 fidens
1047 1601 1109 1662 in
1155 1600 1398 1662 domino
1445 1601 1657 1661 auditis
1702 1600 1793 1660 his
1836 1601 2095 1662 honoret
2125 1621 2404 1683 magnum

191 1710 286 1764 ‘ac
332 1704 595 1765 mirabile
641 1723 861 1766 nomen
909 1704 1097 1766 eius“.
1188 1705 1440 1786 „Audi“,
1513 1704 1738 1782 inquit,
1810 1704 2147 1766 varietatem
2191 1706 2407 1769 horum

220 1806 537 1883 montium,
585 1808 642 1867 id
689 1817 776 1869 est
820 1808 1132 1869 duodecim
1177 1809 1463 1888 gentium.
1508 1784 1523 1800 ⁶
1562 1807 1617 1845 ¹⁹
1634 1807 1705 1868 de
1750 1807 1942 1887 primo
1987 1816 2193 1869 monte
2236 1811 2407 1889 nigro

223 1910 320 1987 qui
383 1910 764 1973 crediderunt
821 1912 1160 1990 transfugae
1215 1919 1356 1972 sunt
1413 1929 1482 1972 ac
1540 1910 1799 1972 nefanda
1852 1910 1911 1971 in
1970 1911 2275 1974 dominum
2318 1914 2408 1973 lo-

221 2022 469 2093 quentes
543 2021 601 2074 et
655 2015 973 2076 traditores
1029 2033 1340 2077 servorum
1399 2015 1509 2075 dei.
1578 2015 1667 2075 his
1719 2014 2020 2093 proposita
2081 2035 2243 2077 mors
2301 2026 2409 2090 est,
2431 2026 2512 2089 15

220 2116 584 2194 poenitentia
656 2138 778 2178 non
833 2125 942 2179 est.
1003 2119 1253 2198 ideoque
1311 2118 1466 2197 nigri
1525 2125 1697 2197 sunt,
1765 2116 1897 2196 quia
1958 2136 2145 2197 genus
2200 2138 2406 2181 eorum

221 2220 537 2281 scelestum
599 2229 706 2283 est.
776 2221 848 2283 de
905 2220 1166 2283 secundo
1215 2239 1351 2281 vero
1397 2228 1602 2281 monte
1647 2220 1918 2299 glabroso
1964 2220 2080 2281 ficti
2126 2231 2268 2282 sunt
2310 2222 2411 2300 qui

362 2392 407 2445 1.
443 2392 495 2447 2.
539 2380 601 2444 'et
646 2374 726 2445 ita
769 2388 1108 2456 purificatam
1155 2404 1275 2444 eam
1309 2388 1501 2443 turrim
1536 2405 1584 2446 c.
1619 2389 1715 2454 D..
1768 2394 1932 2458 atque
1968 2388 2301 2457 purificatam
2336 2390 2415 2445 ita

223 2490 341 2539 eam
387 2475 580 2530 turrim
614 2477 740 2531 Vat.
786 2475 994 2543 (vidisti
1041 2490 1143 2531 om.
1181 2475 1344 2529 etiam
1377 2475 1465 2544 L.)
1482 2516 1495 2539 ,
1551 2480 1605 2529 et
1638 2476 1717 2530 ita
1748 2475 2085 2545 purificatam
2116 2475 2307 2530 turrim
2340 2476 2416 2531 vi-

225 2561 351 2617 disti
401 2561 482 2618 ed.
517 2579 601 2630 pr.
637 2581 684 2618 v.
720 2591 787 2602 —
859 2567 906 2617 2.
943 2560 1192 2618 credetur
1226 2561 1347 2617 Vat.
1401 2591 1467 2603 —-
1538 2565 1587 2616 4.
1622 2569 1677 2617 et
1712 2563 1957 2618 scelestis
1990 2580 2034 2618 c.
2073 2563 2137 2618 D.
2171 2562 2293 2619 Vat.
2332 2563 2415 2618 ed.

223 2664 317 2716 ΡΥ.,
355 2649 602 2704 scelestis
635 2667 681 2704 v.
719 2679 782 2686 —
824 2653 870 2700 5.
909 2653 1195 2716 gesserunt
1228 2664 1274 2706 c.
1312 2648 1374 2704 D.
1414 2650 1541 2706 Vat.
1575 2648 1659 2704 ed.
1694 2665 1800 2720 pr.‚
1859 2663 1919 2704 se
1950 2654 2238 2718 gesserunt
2267 2664 2332 2704 ac
2365 2665 2413 2702 v.

231 2763 286 2774 -
325 2740 384 2788 et
417 2734 522 2788 erit
554 2749 598 2790 c.
633 2734 698 2788 D.
720 2735 862 2799 Vat„
896 2734 1000 2789 erit
1033 2733 1118 2788 ed.
1153 2749 1232 2804 ΡΥ.
1269 2752 1316 2790 v.
1357 2765 1410 2774 -
1453 2750 1620 2790 unum
1656 2737 1760 2804 (ἓν)
1794 2751 1837 2790 c.
1876 2735 1959 2789 ed.
1992 2749 2073 2803 pr.
2110 2752 2174 2800 v.‚
2218 2750 2318 2790 om.
2348 2734 2414 2788 D.

223 2818 279 2873 L.
325 2822 448 2875 Vat.
483 2850 548 2861 --
621 2824 667 2878 7.
705 2821 995 2876 laetabitur
1033 2837 1079 2878 c.
1114 2821 1183 2878 D.
1216 2820 1340 2876 Vat.
1378 2821 1462 2876 ed.
1497 2837 1580 2890 pr.
1619 2839 1687 2889 v„
1713 2820 2023 2877 laudabitur
2053 2819 2112 2874 L.
2155 2849 2212 2858 -·
2278 2823 2328 2878 7.
2363 2824 2414 2877 8.

225 2913 278 2960 et
331 2906 598 2975 percipiet
641 2906 967 2976 voluptatem
1013 2923 1150 2976 puro
1197 2913 1413 2978 recepto
1456 2908 1654 2975 populo
1699 2921 1799 2963 suo
1844 2909 1957 2976 (καὶ
2002 2906 2416 2977 εὐφρανθήσεται

225 2999 278 3044 ἐν
328 2994 502 3054 αὐτοῖς
537 2993 825 3063 ἆπειληφώς
864 2997 956 3048 τὸν
992 2997 1118 3049 λαὸν
1155 2997 1313 3048 αὐτοῦ
1352 2996 1615 3066 καθαρὸν)
1650 2992 1883 3058 emend„
1920 2998 1975 3046 et
2008 2993 2233 3062 recipiet
2268 2994 2416 3048 volu-

224 3083 427 3146 ptatem
474 3095 664 3147 puram
707 3083 927 3150 recepto
979 3079 1178 3149 populo
1231 3094 1330 3134 suo
1365 3079 1424 3135 Β.
1441 3120 1453 3143 ,
1509 3084 1564 3134 et
1607 3079 1831 3149 recipiet
1862 3079 2191 3134 voluntatem
2225 3095 2415 3146 puram

224 3165 425 3232 populo
486 3180 584 3222 suo
631 3166 698 3224 D.
748 3165 812 3222 L.
867 3166 1016 3232 Vat„
1078 3170 1132 3220 et
1187 3165 1413 3234 recipiet
1455 3167 1727 3221 voluntate
1774 3181 1911 3234 pura
1952 3166 2210 3234 populum
2259 3180 2418 3219 suum

227 3250 309 3308 ed.
344 3268 429 3321 pr.
469 3269 535 3320 V„
573 3258 630 3306 et
660 3252 922 3322 percipiet
953 3253 1280 3323 voluptatem
1316 3268 1381 3307 ex
1415 3258 1632 3322 recepto
1666 3267 1803 3322 puro
1836 3253 2034 3322 populo
2070 3267 2168 3308 suo
2198 3252 2314 3308 Pal.
2355 3285 2411 3294 -·

364 3343 412 3394 9.
447 3339 730 3410 Magnifice
767 3344 822 3394 et
860 3338 1113 3404 honeste,
1151 3338 1363 3395 domine
1398 3355 1444 3394 c.
1484 3339 1551 3392 D.
1591 3339 1842 3400 (honeste
1874 3337 2037 3392 etiam
2070 3337 2176 3407 L),
2210 3338 2418 3406 Magni-

225 3427 322 3482 fice
371 3433 428 3481 et
474 3425 792 3491 honorifice,
845 3424 1057 3481 domine
1091 3425 1210 3480 Vat.
1226 3466 1240 3490 ,
1291 3425 1541 3493 Domine,
1595 3423 1875 3494 magnifice
1924 3429 1981 3478 et
2012 3423 2300 3480 honorifice
2336 3425 2418 3479 ed.

226 3530 303 3582 pr.
339 3533 392 3570 v.
429 3543 491 3555 —
532 3528 591 3569 se
625 3513 829 3568 habent
862 3528 906 3568 c.
941 3513 1065 3569 Vat.
1102 3512 1183 3567 ed.
1219 3529 1301 3581 pr.
1336 3531 1403 3578 v..
1440 3513 1520 3566 sic
1555 3527 1615 3567 se
1650 3511 1852 3566 habent
1884 3509 1954 3564 D.
1992 3540 2054 3548 -
2135 3514 2211 3568 11.
2246 3510 2419 3566 fidens

155 3619 172 3640 ⁸
227 3601 282 3655 in
317 3600 534 3657 domino
573 3617 620 3656 c.
657 3600 784 3657 Vat.
820 3600 905 3654 ed.
943 3616 1052 3670 pr.,
1106 3599 1162 3655 in
1196 3598 1412 3656 domino
1442 3598 1615 3654 fidens
1650 3599 1715 3653 D.
1752 3615 1799 3652 v.
1837 3627 1903 3636 —
1976 3601 2054 3652 12.
2096 3597 2339 3653 mirabile
2374 3616 2419 3655 c.
2498 3623 2507 3630 ·

226 3688 290 3744 D.
325 3687 476 3752 Van,
524 3686 769 3742 mirabile
817 3691 873 3741 et
920 3692 1165 3742 sanctum
1213 3687 1296 3742 ed.
1330 3702 1408 3755 pr.
1447 3705 1492 3741 v.
1534 3716 1598 3726 --
1654 3684 1969 3739 varietatem
2003 3699 2050 3736 c.
2090 3684 2147 3739 O.
2179 3685 2247 3743 D.
2283 3684 2421 3740 Vict.

228 3775 360 3830 Mss.
398 3773 555 3843 Angl.
575 3773 778 3841 Dress.‚
812 3773 1094 3828 veritatem
1131 3777 1247 3828 Vat.
1284 3773 1366 3828 ed.
1399 3789 1483 3840 pr.
1518 3790 1566 3828 v.
1603 3803 1671 3812 —
1713 3770 1809 3825 '13.
1846 3771 1915 3826 de
1949 3770 2120 3838 primo
2154 3785 2200 3826 c.
2219 3772 2420 3840 Dress.‚

229 3862 402 3931 primo
450 3861 517 3915 de
559 3859 646 3918 ed.
684 3875 790 3929 pr.,
844 3859 1018 3929 primo
1054 3860 1118 3913 D.
1154 3859 1304 3930 Vat„
1359 3859 1416 3913 in
1451 3859 1623 3929 primo
1658 3858 1772 3914 Cot.
1811 3888 1877 3897 -—
1949 3859 2030 3916 14.
2066 3857 2337 3914 dominum
2373 3873 2421 3915 c.

231 3949 296 4007 D.
333 3948 421 4008 ed.
455 3964 538 4018 pr.
574 3965 658 4013 v.,.
676 3946 890 4003 domino
925 3946 1050 4004 Vat.
1086 3977 1151 3987 -
1193 3951 1273 4003 15.
1308 3945 1598 4000 traditores
1634 3961 1680 4002 c.
1717 3945 1779 3998 D.
1803 3944 1860 3998 L.
1883 3943 2005 4002 Vat.
2048 3946 2133 4001 ed.
2167 3961 2265 4013 ΡΥ.,
2299 3961 2421 4014 pro-

232 4035 437 4092 ditores
470 4052 520 4093 v.
562 4065 621 4075 —
659 4032 746 4088 his
781 4051 828 4091 c.
853 4033 918 4087 D.
936 4032 1078 4099 Vat„
1113 4031 1222 4086 illis
1259 4032 1345 4088 ed.
1379 4048 1458 4100 pr.
1496 4051 1545 4088 v.
1586 4061 1645 4072 -—
1689 4033 1766 4086 17.
1800 4031 2051 4100 glabroso
2088 4033 2207 4100 (τοῦ
2246 4039 2421 4102 ψιλοῦ,

232 4123 298 4178 cf.
335 4136 382 4177 c.
424 4124 468 4176 1.
508 4137 558 4189 p.
598 4122 715 4188 115,
750 4121 806 4189 8)
835 4136 882 4178 c.
918 4137 981 4186 v.,
1017 4120 1270 4176 scabroso
1307 4118 1374 4176 D.
1395 4118 1454 4172 L.
1495 4119 1630 4174 Vict.
1667 4118 1749 4173 ed.
1784 4133 1881 4188 ΡΥ.,
1920 4119 2165 4175 scabioso
2199 4118 2322 4176 Vat.
2356 4150 2423 4162 —

233 4208 342 4293 ficti
378 4225 425 4268 c.
463 4209 587 4266 Vat.
627 4207 711 4264 ed.
750 4223 830 4277 pr.
868 4225 946 4274 ι,
983 4205 1184 4264 inventi
1218 4205 1285 4262 D.
1331 4236 1391 4249 -
