3003 5080
509 386 632 451 154
1504 402 1707 462 Pastor.

505 571 731 623 serunt.
792 565 1129 631 huiusmodi
1191 592 1331 653 ergo
1393 577 1665 643 homines
1716 582 1843 645 sine
1902 586 2017 646 ulla
2062 587 2428 650 dubitatione
2466 589 2692 650 habita-

505 663 657 726 bunt
697 666 759 727 in
802 687 989 747 regno
1033 672 1158 748 dei,
1214 679 1497 755 quoniam
1542 682 1603 743 in
1652 685 1816 746 nullo
1864 688 2102 767 negotio
2148 692 2421 753 mandata
2464 692 2691 753 domini

503 769 979 845 maculaverunt,
1055 774 1156 836 sed
1218 798 1353 841 cum
1413 784 1747 849 sinceritate
1793 804 2251 869 permanserunt
2315 813 2520 855 omnes
2562 795 2689 855 dies

459 860 473 872 '
501 869 652 931 vitae
693 891 834 935 suae
877 878 1081 939 eodem
1123 901 1336 945 sensus
1377 894 1605 950 tenore.
1645 892 1983 973 quicunque
2014 915 2154 974 ergo
2185 896 2685 977 permanseritis“,

437 965 726 1053 5inquit,
804 978 998 1053 „sicut
1052 982 1306 1047 infantes
1369 1008 1491 1050 non
1554 993 1837 1056 habentes
1889 998 2204 1075 malitiam,
2273 1000 2687 1061 honoratiores

500 1078 662 1139 eritis
719 1099 987 1163 quosque
1044 1086 1160 1147 iam
1217 1090 1351 1155 dixi.
1427 1112 1635 1157 omnes
1692 1099 1851 1159 enim
1909 1100 2167 1164 infantes
2216 1102 2487 1164 honorati
2544 1110 2689 1164 sunt

503 1182 657 1261 apud
706 1183 1013 1247 dominum
1062 1200 1121 1251 et
1164 1193 1340 1271 primi
1383 1196 1700 1262 habentur.
1745 1202 1945 1264 felices
1990 1224 2130 1285 ergo
2176 1225 2301 1281 VOS,
2345 1205 2687 1285 quicunque

497 1288 866 1348 removeritis
926 1292 1208 1355 malitiam
1262 1316 1294 1357 a
1356 1300 1521 1363 vobis
1578 1312 1637 1365 et
1679 1305 1988 1368 indueritis
2029 1307 2451 1374 innocentiam.
2510 1308 2687 1387 primi

495 1387 696 1450 vivetis
743 1390 916 1454 deo“.

397 1480 476 1543 10
695 1503 1009 1575 postquam
1066 1500 1250 1563 finivit
1293 1506 1561 1568 omnium
1607 1511 1898 1572 montium
1944 1514 2340 1589 solutionem,
2413 1514 2542 1575 dico
2586 1515 2681 1575 ei:

499 1594 823 1678 „Domine‚
894 1619 1058 1662 nunc
1117 1623 1347 1685 expone
1400 1609 1543 1670 mihi
1603 1612 1675 1673 de
1719 1614 1809 1675 his
1852 1615 2179 1695 lapidibus,
2258 1616 2358 1694 qui
2400 1615 2559 1677 allati
2608 1635 2681 1677 ex

494 1716 706 1778 campo
749 1704 1202 1782 reprobatorum
1250 1710 1382 1771 loco
1428 1712 1490 1773 in
1534 1722 1889 1780 structuram
1935 1720 2119 1779 turris
2163 1720 2395 1795 ierunt;
2437 1720 2576 1781 item
2608 1719 2683 1779 de

491 1800 605 1862 illis
663 1803 953 1893 lapidibus
1009 1812 1315 1888 rotundis,
1389 1817 1491 1895 qui
1535 1818 1597 1878 in
1644 1828 2004 1883 structuram
2050 1822 2228 1883 turris
2269 1823 2477 1884 adiecti
2520 1831 2683 1896 sunt,

491 1912 549 1965 et
594 1905 668 1967 de
711 1907 833 1983 his,
900 1912 1000 1989 qui
1045 1914 1238 1976 adhuc
1283 1920 1525 1981 rotundi
1565 1928 2089 2001 permanserunt“.
2180 1924 2242 1963 ³⁰
2261 1926 2515 2001 „Audi“‚
2586 1925 2681 1986 in-

391 1996 471 2059 15
491 2006 652 2088 quit,
731 2020 830 2086 „et
873 2012 944 2075 de
989 2016 1081 2079 his
1121 2017 1432 2099 lapidibus.
1491 2025 1592 2103 qui
1636 2026 1805 2088 eiecti
1851 2028 1925 2087 de
1967 2046 2174 2109 campo
2212 2028 2272 2089 in
2318 2037 2680 2091 structuram

487 2190 569 2245 pr.
619 2194 696 2242 v.,
750 2178 929 2236 sciunt
973 2182 1042 2241 D.
1105 2215 1168 2225 -
1256 2191 1302 2243 1.
1347 2189 1658 2247 huiusmodi
1704 2209 1831 2263 ergo
1876 2212 1923 2252 c.
1968 2196 2032 2251 D.
2067 2195 2193 2251 Vat.
2240 2196 2324 2253 ed.
2360 2212 2439 2266 pr.
2479 2214 2557 2261 v.,
2621 2196 2680 2249 hi

489 2260 732 2318 homines
767 2264 825 2319 L.
883 2298 946 2307 -
1004 2270 1122 2325 sine
1168 2286 1212 2327 c.
1247 2274 1314 2328 D.
1349 2275 1472 2332 Vat.
1521 2282 1687 2342 (man.
1734 2295 1839 2336 sec.
1883 2282 1941 2336 in
1987 2282 2273 2351 margine),
2313 2283 2361 2337 si
2394 2282 2517 2338 Vat.
2565 2284 2677 2351 (pr.

488 2350 600 2412 m.).
656 2381 719 2390 --
808 2354 853 2406 1.
903 2358 952 2407 2.
1002 2355 1322 2415 habitabunt
1365 2362 1423 2417 in
1467 2379 1633 2433 regno
1680 2380 1724 2419 c.
1762 2369 1828 2422 D.
1863 2368 1949 2433 L.‚
2003 2369 2324 2424 habitabunt
2365 2358 2421 2423 in
2454 2383 2681 2437 regnum

485 2433 609 2490 Vat.
644 2435 728 2490 ed.
763 2454 846 2507 pr.
865 2481 879 2507 ,
915 2440 1294 2501 inhabitabunt
1325 2463 1551 2518 regnum
1584 2470 1630 2509 v.
1668 2488 1733 2497 -
1772 2460 1818 2509 2.
1854 2454 2111 2510 mandata
2145 2454 2345 2510 domini
2380 2469 2423 2507 c.
2460 2454 2525 2508 D.
2554 2454 2679 2509 Vat.

485 2519 568 2575 ed·
607 2538 691 2592 Pl·-
723 2542 788 2590 V·‚
824 2526 1095 2585 dominum
1131 2530 1194 2589 B.
1236 2564 1293 2574 --
1371 2540 1418 2594 4.
1452 2542 1860 2612 permanseritis
1895 2543 2242 2610 (διαμενεῖτε)
2277 2555 2323 2597 c.
2362 2542 2681 2610 Mss.Angl.,

479 2612 878 2676 permanserint
926 2615 994 2668 D.
1040 2619 1164 2673 Vat.
1203 2621 1286 2676 ed.
1322 2638 1404 2690 pr.
1439 2643 1488 2680 v.
1554 2657 1603 2664 -
1683 2633 1733 2685 6.
1788 2623 1947 2683 eritis'
1976 2629 2213 2698 (ἔσεσθε)
2250 2647 2297 2686 c.
2331 2629 2464 2684 MsS.
2502 2631 2683 2700 Angl·‚

484 2702 643 2749 erunt
674 2695 742 2753 D.
778 2699 900 2754 Vat.
938 2703 1019 2756 ed.
1056 2720 1138 2772 pr.
1172 2724 1219 2761 v.
1258 2741 1322 2748 —
1376 2726 1617 2781 quosque
1664 2713 1773 2770 iam
1818 2715 1928 2778 dixi
1962 2717 2203 2784 (πάντων
2242 2727 2345 2768 τῶν
2382 2723 2679 2786 προειρημέ-

485 2781 614 2847 νων)
650 2785 857 2838 emend.
893 2787 986 2852 (cf.
1021 2789 1286 2849 Roensch:
1319 2795 1383 2849 It.
1422 2813 1474 2852 u.
1517 2798 1671 2868 Vulg.
1705 2817 1759 2870 p.
1796 2802 1957 2869 336),
2006 2815 2287 2870 quousque
2320 2807 2430 2856 tam
2464 2801 2574 2854 dixi
2611 2802 2678 2856 D.

487 2871 624 2933 vat„
663 2871 801 2924 sicut
836 2872 944 2927 iam
979 2874 1090 2929 dixi
1106 2876 1185 2944 L.‚
1221 2882 1468 2939 omnibus
1503 2885 1628 2950 illia,
1665 2902 1799 2955 quos
1833 2887 1943 2941 iam
1978 2886 2091 2940 dixi
2126 2885 2209 2940 ed.
2243 2903 2325 2956 pr.
2360 2904 2411 2942 v.
2448 2915 2506 2928 -
2550 2885 2679 2941 dixi.

479 2953 561 3006 D.·
583 2954 707 3009 add.
753 2957 851 3026 (cf.
892 2975 936 3014 c.
974 2963 1057 3016 30.
1095 2979 1148 3030 p.
1191 2969 1307 3033 155,
1342 2970 1597 3039 9-11):
1634 2987 1701 3026 ex
1736 2972 1923 3026 eodem
1958 2973 2100 3028 enim
2133 2987 2331 3041 genere
2367 2978 2505 3026 sunt.
2544 2971 2680 3026 felix

480 3039 584 3095 hoc
615 3057 803 3110 genus,
839 3046 967 3114 quia
998 3047 1287 3106 innocuum
1323 3061 1422 3112 est.
1459 3057 1588 3111 audi
1622 3073 1765 3113 nunc
1800 3064 1856 3113 et
1890 3059 1957 3112 de
1991 3059 2100 3113 illis
2127 3058 2371 3113 rotundis
2390 3057 2679 3127 lapidibus.

485 3155 546 3164 -
597 3127 642 3180 7.
685 3143 812 3198 ergo
846 3147 941 3187 vos
977 3147 1024 3190 c.
1062 3136 1184 3191 Vat.
1220 3156 1267 3192 v.
1288 3179 1302 3204 ‚
1353 3158 1449 3197 vos
1484 3158 1613 3212 ergo
1648 3145 1732 3201 ed.
1768 3160 1879 3214 pr.‚
1916 3160 2010 3201 vos
2046 3146 2111 3199 D.
2154 3173 2217 3184 -
2259 3147 2306 3200 8.
2340 3143 2679 3199 removeritis

480 3226 528 3268 c.
565 3213 688 3269 Vat.
727 3215 810 3269 ed.
845 3233 928 3285 pr.
965 3237 1046 3284 v.,
1106 3226 1412 3281 amaveritis
1447 3229 1540 3294 D.,
1597 3230 1811 3286 habetis
1845 3231 1906 3286 L.
1943 3260 2010 3268 —
2074 3229 2331 3285 malitiam
2366 3246 2400 3284 a
2433 3230 2585 3285 vobis
2622 3237 2680 3284 et

476 3296 762 3355 indueritis
799 3302 883 3357 (cf.
917 3307 1026 3375 gr.)
1071 3323 1115 3364 c.
1153 3309 1234 3363 ed.
1268 3328 1349 3379 pr.
1382 3333 1448 3379 v.,
1486 3333 1585 3371 om.
1622 3317 1689 3372 D.
1725 3316 1786 3369 L.
1823 3317 1947 3372 Vat.
1982 3346 2049 3357 -
2120 3319 2171 3370 8.
2210 3319 2255 3370 9.
2290 3315 2450 3384 primi
2484 3315 2679 3370 vivetis

479 3385 582 3440 ‘10⁶
627 3387 850 3455 (πρῶτοι
901 3395 1112 3447 πάντων
1153 3398 1368 3462 ζήσεσθε
1406 3409 1478 3471 τῷ
1505 3389 1652 3472 ’θεῷ
1689 3401 1923 3468 emend.,
1978 3402 2137 3470 primi
2171 3402 2365 3457 videtis
2401 3401 2678 3456 dominum

476 3470 627 3537 Vat.‚
662 3474 821 3543 primi
855 3476 1104 3534 videbitis
1139 3483 1308 3537 deum*
1334 3485 1397 3538 D.
1435 3486 1519 3541 ed.
1554 3504 1650 3556 pr..
1685 3489 1812 3558 quia
1846 3488 2005 3555 primi
2038 3488 2288 3564 videbitis
2324 3488 2482 3542 deum
2518 3506 2567 3542 v.
2604 3496 2676 3528 '-

506 3555 512 3562 “
618 3561 700 3614 10.
739 3563 1056 3619 solutionem
1093 3584 1137 3624 c.
1159 3567 1225 3624 D.
1245 3569 1302 3625 L.
1324 3570 1444 3626 Vat.
1465 3572 1549 3628 ed.
1567 3589 1667 3642 pr.‚
1706 3575 2135 3643 explanationem
2170 3567 2215 3629 v.
2238 3603 2305 3614 -
2345 3576 2533 3631 10.11.
2553 3573 2676 3629 dico

477 3645 552 3697 ei:
591 3645 834 3714 Domine,
870 3667 1014 3704 nunc
1049 3668 1252 3722 expone
1287 3656 1419 3710 mihi
1455 3656 1522 3712 de
1560 3659 1647 3713 his
1680 3659 1951 3728 lapidibus
1988 3675 2035 3712 c.
2057 3660 2122 3714 D.
2142 3660 2294 3730 (add.
2318 3659 2675 3727 solucionem)

476 3729 559 3784 ed.
594 3731 672 3798 pr.
709 3735 836 3800 (om.
880 3736 992 3799 his)
1033 3757 1082 3795 v.
1125 3741 1414 3808 (lapidibus
1447 3743 1579 3812 his),
1615 3761 1715 3798 om.
1757 3751 1875 3800 Vat.
1912 3776 1979 3784 —
2040 3751 2120 3804 ss.
2155 3761 2221 3801 ex
2258 3762 2305 3802 c.
2343 3747 2409 3801 D.
2453 3749 2571 3803 Vat.
2604 3764 2675 3812 v.,

475 3814 542 3870 de
580 3818 662 3874 ed.
697 3836 781 3886 pr.
834 3853 891 3862 -
967 3827 1045 3877 12.
1081 3828 1491 3892 reprobatorum
1524 3831 1643 3886 loco
1681 3830 1772 3898 (cf.
1807 3832 1912 3900 gr.)
1949 3831 2093 3887 edidi
2111 3872 2125 3898 ‚
2176 3839 2230 3886 et
2263 3835 2675 3902 reprobatorum

474 3905 589 3960 loco
627 3907 710 3961 ed.
747 3925 828 3978 pr.
866 3910 986 3976 Ox.,
1040 3911 1099 3964 in
1131 3912 1308 3968 locum
1342 3917 1749 3982 reprobatorum
1790 3936 1835 3971 v.
1855 3959 1869 3984 ,
1904 3919 2310 3984 reprobatorum
2342 3919 2408 3972 D.
2445 3919 2568 3974 Vat.
2604 3951 2675 3960 —

477 3994 556 4044 12.
594 3991 650 4046 in
701 4000 1026 4050 structuram
1063 4015 1104 4052 c.
1142 3998 1206 4052 D.
1243 4002 1569 4070 (structura)
1605 4003 1726 4057 Vat.
1767 4004 1849 4058 ed.
1886 4021 1967 4073 pr.
1984 4045 1997 4070 ,
2050 4005 2121 4059 ad
2157 4010 2483 4060 structuram
2519 4023 2567 4059 v.
2602 4037 2675 4045 —-

473 4076 652 4132 ierunt
686 4094 733 4133 c.
770 4082 892 4136 Vat.
926 4082 1058 4139 Mss.
1093 4086 1279 4152 Angl..
1318 4091 1476 4140 erunt
1509 4087 1600 4153 D..
1640 4089 1793 4143 missi
1829 4096 1956 4144 sunt
1992 4090 2073 4144 ed.
2108 4107 2191 4160 pr.
2225 4109 2277 4146 v.
2314 4121 2381 4130 -
2439 4093 2522 4146 13.
2559 4091 2675 4146 illis

473 4163 742 4231 lapidibus
783 4184 826 4222 c.
869 4170 1015 4230 vat,
1068 4169 1155 4223 his
1202 4171 1474 4239 lapidibus
1509 4172 1604 4239 D.,
1653 4174 1924 4244 lapidibus
1956 4176 2065 4231 illis
2102 4176 2185 4233 ed.
2219 4192 2303 4246 pr.
2340 4195 2389 4232 v.
2450 4209 2504 4216 -
2587 4183 2677 4233 14.

471 4249 618 4305 Audi
652 4264 698 4305 c.
735 4253 800 4308 D.
834 4253 961 4312 Vat.
997 4254 1078 4309 ed.
1113 4271 1192 4324 pr.
1229 4255 1443 4325 Dress.,
1478 4259 1625 4314 'audi
1670 4276 1815 4317 nunc
1849 4279 1895 4317 v.
1939 4292 1999 4301 -
2077 4265 2157 4316 15.
2196 4267 2250 4316 et
2283 4262 2351 4317 de
2386 4262 2474 4318 his
2509 4262 2681 4331 edidi,
