3003 5080
2919 16 2983 273 1

481 522 490 533 ’
577 548 971 621 acceperunt,
1041 548 1098 601 et
1143 560 1258 602 una
1307 540 1450 602 fides
1494 550 1673 622 atque
1718 542 1930 603 caritas
1977 560 2222 616 eorum,
2266 550 2325 603 et
2367 541 2607 624 spiritus
2649 540 2766 605 vir-
2979 480 2982 585 1

578 645 780 723 ginum
856 646 1066 705 harum
1130 661 1266 704 cum
1324 644 1450 704 eius
1509 646 1751 706 nomine
1805 645 2090 706 ferebant.
2162 645 2412 725 ideoque
2468 656 2766 709 structura

579 748 757 808 turris
819 748 994 808 huius
1038 747 1323 808 concolor
1365 747 1673 808 videbatur
1716 757 1773 809 et
1815 748 2075 827 fulgebat
2116 765 2306 826 usque
2352 750 2423 809 ad
2462 750 2603 810 solis
2646 750 2769 810 cla-

577 850 831 911 ritatem.
877 858 936 910 at
980 869 1118 910 vero
1158 858 1472 928 postquam
1520 851 1675 911 inter
1719 871 1782 913 se
1826 860 2282 926 consenserunt,
2328 872 2515 913 unum
2550 872 2770 933 corpus

518 953 784 1015 5eorum
845 952 1039 1032 coepit
1084 972 1211 1013 esse
1255 953 1544 1014 omnium.
1591 954 1830 1033 quidam
1874 953 2029 1014 enim
2077 974 2146 1014 ex
2192 955 2282 1015 his
2324 956 2772 1017 maculaverunt

577 1077 639 1117 se
698 1065 756 1116 et
800 1055 1044 1135 proiecti
1087 1065 1227 1116 sunt
1272 1056 1342 1117 de
1383 1075 1601 1135 genere
1644 1058 1933 1119 iustorum
1983 1068 2042 1119 et
2084 1057 2300 1119 iterum
2343 1058 2647 1121 redierunt
2696 1058 2767 1119 ad

575 1167 793 1221 statum
863 1158 1179 1237 pristinum
1252 1167 1428 1237 atque
1499 1160 1674 1221 etiam
1742 1161 2061 1222 deteriores
2126 1162 2322 1240 potius
2393 1165 2768 1223 evaserunt“.
2979 1152 2982 1249 ἱ

583 1262 1275 1343 ¹⁸„Quemadmodum“,
1321 1263 1600 1342 inquam,
1649 1264 1965 1340 „domine,
2010 1264 2349 1338 deterioreS‚
2395 1264 2496 1344 qui
2541 1283 2771 1343 cogno·
2980 1256 2982 1279 ³

579 1374 795 1427 verunt
838 1364 1242 1426 dominun1“?
1286 1375 1344 1426 et
1389 1366 1560 1427 dixit:
1612 1367 1709 1444 „Is
1749 1368 2008 1447 quidem,
2055 1368 2157 1447 qui
2200 1386 2324 1429 non
2370 1368 2536 1427 novit
2577 1366 2771 1440 domi-

480 1466 560 1530 10
580 1487 760 1542 num,
831 1468 880 1528 si
941 1466 1211 1546 nequiter
1265 1468 1434 1548 vivit,
1507 1478 1707 1531 manet
1747 1470 1824 1531 in.
1854 1490 1990 1532 eum
2036 1472 2328 1549 nequitiae
2372 1490 2512 1532 suae
2555 1490 2769 1550 poena.

577 1580 637 1633 at
691 1572 740 1631 is
804 1570 902 1650 qui
964 1571 1128 1632 novit
1181 1572 1487 1653 dominum
1528 1573 1820 1635 abstinere
1866 1574 2110 1634 omuino
2157 1594 2220 1636 se
2266 1574 2438 1635 debet
2480 1573 2552 1635 ab
2599 1574 2769 1635 omni

581 1674 838 1753 nequitia
895 1682 952 1735 et
1007 1674 1192 1754 magis
1249 1675 1554 1755 magisque
1618 1677 1835 1737 servire
1890 1677 2157 1739 bonitati.
2203 1697 2407 1739 nonne
2451 1696 2589 1757 ergo
2639 1677 2771 1750 iste,

578 1778 678 1858 qui
701 1771 1048 1837 'bonitatem
1081 1778 1248 1856 sequi
1294 1779 1538 1853 debeat,
1597 1780 1644 1840 si
1689 1780 1983 1867 nequitiae
2026 1782 2311 1860 praeferat
2357 1789 2586 1861 parteS‚
2630 1780 2769 1859 plus

576 1899 824 1962 peccare
867 1880 1096 1941 videtur
1141 1900 1317 1959 quam
1357 1881 1441 1957 is,
1498 1882 1599 1961 qui
1646 1883 1935 1961 delinquit
1977 1884 2261 1964 ignorans
2307 1884 2399 1945 dei
2443 1880 2769 1944 virtutem?

479 1984 826 2064 l5ideoque
870 1984 930 2044 hi
975 1984 1153 2044 morti
1197 1984 1432 2063 quidem
1481 1985 1751 2048 destinati
1794 1995 1953 2049 sunt.
2001 1996 2060 2048 at
2100 2006 2238 2048 vero
2284 1987 2365 2060 hi,
2410 1986 2769 2065 qui'cogno-

575 2097 789 2150 verunt
845 2088 1020 2149 deum
1076 2094 1252 2164 atque
1298 2087 1425 2148 eius
1467 2088 1755 2152 mirabilia
1798 2109 1974 2171 opera
2020 2090 2328 2161 viderunt,
2402 2089 2450 2151 si
2496 2088 2773 2168 nequiter

576 2193 800 2273 vivunt,
849 2190 1140 2271 duplicius
1186 2190 1514 2269 punientur
1560 2200 1617 2252 et
1659 2193 1719 2253 hi
1764 2194 2097 2255 morientur
2138 2194 2200 2254 in
2232 2213 2395 2255 aevo.
2442 2191 2593 2253 sicut
2621 2210 2768 2271 ergo

575 2294 800 2374 vidisti,
867 2302 1182 2373 postquam
1244 2294 1408 2355 eiecti
1466 2305 1608 2357 sunt
1664 2295 1885 2375 lapides
1934 2298 2006 2358 de
2049 2305 2252 2371 turre,
2326 2296 2428 2376 qui
2467 2293 2771 2374 reprobati

582 366 705 432 142
1570 366 1778 423 Pastor.

714 2450 760 2501 1.
796 2451 1120 2514 acceperunt
1153 2446 1362 2516 (ἔσχον)
1399 2461 1443 2500 c.
1482 2446 1600 2502 Vat.
1633 2448 1717 2502 ed.
1758 2464 1837 2517 pr.
1871 2465 1950 2515 v.,
2003 2452 2323 2517 receperunt
2355 2447 2423 2502 D.
2457 2477 2525 2487 —-
2578 2462 2771 2502 eorum

572 2551 620 2589 c.
656 2532 722 2586 D.
758 2534 882 2588 Vat.
919 2531 1001 2587 ed.
1037 2549 1148 2600 pr„
1185 2548 1370 2587 eorum
1404 2531 1510 2588 fuit
1543 2552 1593 2590 v.
1629 2566 1696 2575 —
1730 2537 1777 2588 2.
1813 2532 2005 2590 harum
2040 2552 2084 2590 c.
2119 2533 2185 2588 D.
2224 2533 2307 2589 ed.
2340 2548 2420 2601 pr.
2456 2550 2535 2598 v.‚
2577 2547 2769 2587 earum

572 2620 692 2676 Vat.
730 2651 796 2660 —
871 2623 917 2675 3.
961 2618 1128 2673 turris
1162 2618 1324 2673 huius
1359 2636 1402 2675 c.
1436 2619 1559 2675 Vat.
1596 2620 1678 2675 ed.
1714 2637 1795 2688 pr.
1828 2638 1896 2687 v.‚
1930 2619 2093 2674 huius
2135 2620 2303 2674 turris
2355 2621 2419 2673 D.
2471 2646 2539 2658 —
2610 2625 2662 2676 4.
2712 2625 2771 2674 at

574 2723 616 2760 c.
654 2706 721 2764 D.
759 2705 844 2762 ed.
880 2721 958 2774 pr.
992 2723 1063 2770 v.‚
1098 2719 1163 2759 ac
1198 2705 1321 2760 Vat.
1359 2736 1420 2746 —
1471 2706 1615 2760 inter
1649 2721 1707 2762 se
1745 2712 2133 2762 consenserunt
2167 2705 2253 2772 (cf.
2288 2711 2395 2774 gr.)
2430 2719 2475 2758 c.
2511 2705 2588 2771 Β.,
2623 2705 2771 2758 intra
2975 2524 2981 2788 ἡ

574 2810 635 2850 se
671 2797 958 2848 senserunt
990 2791 1068 2858 L..
1105 2791 1246 2845 inter
1283 2806 1342 2845 se
1378 2792 1621 2847 sentiunt
1653 2792 1717 2846 D.
1742 2795 1861 2847 Vat.
1894 2793 2105 2860 (intra),
2144 2791 2222 2846 ita.
2256 2797 2545 2846 senserunt
2581 2789 2668 2844 ed.
2689 2806 2769 2859 pr.
2976 2821 2978 2826 ·

572 2899 620 2937 v.
659 2911 729 2920 -·
765 2885 812 2932 5.
848 2878 992 2933 enim
1024 2892 1091 2932 ex
1123 2878 1210 2932 his
1245 2894 1288 2934 c.
1322 2876 1407 2945 D.,
1443 2883 1627 2932 autem
1663 2894 1729 2932 ex
1761 2877 1849 2932 his
1868 2878 2008 2946 Vat.,
2040 2885 2222 2933 tamen
2263 2893 2330 2931 ex
2363 2877 2450 2931 his
2483 2877 2567 2931 ed.
2602 2892 2685 2944 pr.
2719 2893 2771 2931 v.

573 2967 724 3037 (eis).
767 2996 824 3006 —
867 2968 916 3022 6.
949 2965 1143 3018 iterum
1180 2979 1224 3017 c.
1257 2965 1324 3017 D.
1361 2964 1442 3018 ed.
1479 2980 1561 3033 pr.
1596 2983 1674 3030 v.,
1708 2965 1837 3018 item
1872 2965 1995 3020 Vat.
2033 2995 2098 3004 --
2136 2965 2183 3019 7.
2218 2963 2399 3031 potius
2434 2980 2481 3020 c.
2519 2962 2583 3017 D.
2625 2962 2769 3024 vat..

574 3068 734 3123 quam
767 3052 947 3120 potius
990 3050 1068 3113 L.,
1106 3065 1266 3117 quam
1299 3049 1452 3117 prius
1489 3050 1573 3106 ed.
1610 3066 1689 3118 pr.
1724 3068 1797 3115 v.‚
1836 3067 1941 3109 om.
1977 3049 2033 3103 B.
2086 3081 2153 3090 -—
2220 3053 2271 3104 8.
2307 3045 2772 3116 Quemadmodum

573 3155 618 3194 c.
652 3139 717 3194 D.
752 3138 876 3195 Vat.
896 3178 909 3201 ‚
950 3136 1213 3205 quomodo
1247 3135 1332 3190 ed.
1367 3152 1450 3206 pr.
1485 3154 1532 3191 v.
1569 3168 1635 3177 —
1669 3136 1879 3190 domine
1913 3138 2107 3207 (κύριε)
2142 3153 2186 3192 c.
2222 3136 2307 3190 ed.
2348 3150 2428 3203 pr.
2461 3152 2528 3198 v.,
2564 3148 2671 3190 om.
2705 3132 2770 3188 D.

573 3227 635 3282 L.
674 3228 796 3280 Vat.
855 3255 918 3263 —
993 3225 1076 3280 10.
1125 3222 1182 3277 in
1230 3237 1353 3276 eum
1387 3239 1430 3278 c.
1466 3221 1530 3275 D.
1570 3224 1720 3290 vat,
1774 3237 1898 3277 cum
1931 3236 1996 3278 eo
2037 3222 2129 3285 L..
2181 3223 2239 3277 in
2273 3236 2339 3277 eo
2374 3219 2457 3275 ed.
2494 3236 2576 3289 pr.
2612 3237 2661 3274 v.
2705 3249 2769 3258 -

578 3318 658 3369 11.
696 3316 746 3368 is
781 3314 872 3382 qui
907 3327 954 3369 c.
990 3311 1082 3374 D.,
1135 3309 1223 3364 his
1260 3307 1475 3377 quidem
1515 3310 1652 3373 Vat„
1688 3309 1780 3377 qui
1817 3309 1899 3363 ed.
1934 3323 2015 3377 pr.
2050 3325 2099 3365 v.
2140 3336 2199 3346 —
2235 3306 2383 3362 novit
2416 3305 2691 3362 dominum
2727 3321 2769 3358 c.

511 3456 515 3460 .
577 3405 693 3456 vat.
739 3400 825 3454 ed.
875 3414 957 3468 pr.
998 3415 1071 3461 v.‚
1107 3395 1349 3462 cognovit
1383 3395 1543 3449 deum
1576 3395 1642 3447 D.
1681 3425 1747 3434 -—
1805 3393 2076 3450 abstinere
2115 3393 2327 3450 omnino
2364 3407 2424 3446 se
2460 3406 2507 3444 c.
2540 3391 2610 3446 D.
2630 3391 2771 3455 vat..

575 3487 847 3543 abstinere
889 3483 1102 3540 omnino
1132 3482 1216 3536 ed.
1251 3496 1348 3551 pr„
1385 3480 1599 3536 omnino
1632 3479 1905 3536 abstinere
1941 3479 2057 3536 Cot.
2091 3513 2160 3520 —
2198 3483 2277 3534 12.
2310 3480 2415 3535 iste
2451 3495 2497 3534 c.
2534 3479 2599 3532 D.
2630 3479 2769 3542 vat..

574 3575 666 3628 ille
704 3573 785 3627 ed.
805 3587 884 3640 pr.
907 3589 954 3626 v.
992 3599 1056 3613 -ν-
1099 3570 1178 3622 13.
1217 3567 1411 3623 debeat
1446 3581 1490 3620 c.
1511 3566 1576 3620 D.
1596 3567 1721 3625 Vat.
1755 3567 1837 3621 ed.
1857 3582 1956 3635 pr„
1994 3567 2225 3621 debebat
2243 3583 2293 3623 v.
2323 3599 2376 3608 «-
2423 3566 2470 3621 si
2490 3565 2765 3633 nequitiae

573 3675 619 3715 c.
635 3660 702 3716 D.
723 3657 807 3713 ed.
827 3674 906 3726 pr.
925 3675 993 3720 v„
1021 3654 1259 3724 nequitie
1283 3669 1342 3708 se
1360 3653 1485 3710 Vat.
1513 3683 1572 3692 —
1613 3657 1695 3706 14.
1732 3652 1998 3722 delinquit
2011 3669 2058 3707 c.
2081 3657 2139 3706 D.
2159 3652 2281 3708 Vat.
2301 3651 2384 3707 ed.
2403 3667 2503 3721 pr„
2540 3651 2767 3721 deliquit

571 3764 622 3803 v.
658 3779 699 3787 ·-
750 3747 826 3799 15.
847 3743 906 3797 hi
923 3741 1082 3798 morti
1102 3740 1317 3809 quidem
1334 3756 1378 3795 c.
1397 3741 1480 3807 D.,
1516 3739 1574 3792 hi
1592 3740 1753 3794 morti
1771 3739 1914 3807 Vat„
1932 3738 1991 3792 hi
2010 3738 2225 3807 quidem
2245 3738 2403 3794 morti
2421 3738 2505 3792 ed.
2524 3754 2607 3808 pr.
2626 3757 2676 3796 v.
2701 3769 2760 3778 —-

572 3836 631 3886 at
663 3847 710 3888 c.
745 3830 812 3887 D.
849 3828 933 3884 ed.
967 3843 1046 3896 pr.
1083 3844 1164 3895 w,
1215 3841 1278 3882 ac
1321 3831 1438 3881 vat.
1485 3855 1545 3865 -—
1626 3828 1704 3880 16.
1740 3825 1901 3880 deum
1934 3827 2045 3892 (τὸν
2086 3827 2233 3892 θεὸν)
2269 3841 2311 3880 c.
2347 3825 2441 3890 D.,
2489 3823 2763 3881 dominum

575 3919 697 3972 Vat.
735 3916 820 3974 ed.
851 3931 931 3984 pr.
967 3933 1016 3971 v.
1053 3944 1120 3953 —
1155 3911 1428 3992 mirabilia¹
1456 3927 1625 3981 opera.
1657 3914 1953 3984 (μεγαλεῖα)
1990 3927 2033 3965 c.
2069 3927 2145 3977 v.‚
2204 3911 2472 3966 mirabilia
2505 3918 2562 3964 et
2598 3927 2762 3978 opera

573 4004 638 4059 D.
675 4002 761 4060 ed.
796 4016 903 4069 pr„
961 4000 1224 4057 miracula.
1269 4005 1325 4052 et
1374 4013 1539 4066 opera.
1577 4001 1693 4056 Vat.
1753 4029 1816 4038 —-
1894 4001 1972 4051 17.
2024 3997 2294 4065 duplicius
2340 4012 2385 4052 c.
2417 3996 2487 4055 D.
2522 3995 2583 4052 L.
2627 4001 2761 4061 vat„

574 4089 740 4158 duplo
784 4087 1016 4155 amplius
1051 4086 1134 4141 ed.
1167 4101 1247 4153 pr.
1284 4102 1330 4139 v.
1370 4112 1431 4124 -·
1487 4083 1546 4136 hi
1580 4101 1625 4139 c.
1653 4083 1718 4140 D.
1755 4085 1879 4142 Vat.
1915 4083 1999 4139 ed.
2034 4100 2141 4154 pr„
2196 4083 2299 4155 ipsi
2335 4102 2381 4140 v.
2418 4116 2484 4126 -
2536 4100 2673 4142 aevo
2715 4100 2757 4143 c.

571 4174 641 4236 D.
677 4175 824 4243 Vat„
877 4188 1066 4230 aevum
1102 4173 1183 4229 ed.
1218 4188 1300 4243 pr.
1338 4188 1383 4225 v.
1424 4199 1487 4214 -·
1544 4171 1683 4226 sicut
1715 4188 1761 4228 c.
1802 4170 1925 4227 Vat.
1960 4171 2043 4227 ed.
2078 4189 2161 4243 pr.
2194 4191 2271 4238 v.‚
2320 4174 2399 4229 sic
2432 4173 2499 4229 D.
2537 4202 2605 4214 -—
2678 4179 2758 4230 18.

570 4269 721 4322 tun-e
756 4279 801 4320 c.
835 4259 900 4316 D.
936 4261 1058 4317 Vat.
1094 4259 1176 4317 ed.
1211 4276 1317 4330 pn,
1352 4258 1491 4315 turri
1525 4276 1572 4314 v.
1610 4287 1676 4300 -
