3003 5080
424 435 428 440 ·
526 413 572 478 4
1378 434 1384 440 ·
1522 411 1735 480 Pastor,

531 585 669 648 mei⁴
697 583 1138 666 commentiri3‚
1182 583 1432 666 mulier,
1476 587 1625 648 baec
1666 595 1785 648 tam
1830 582 2168 652 nefanda“?
2236 591 2385 648 tunc
2426 582 2527 646 illa
2567 581 2719 645 arri·-

533 689 680 750 dens
721 687 866 748 mihi
911 687 1024 749 ait:
1071 689 1180 766 „In
1226 688 1405 750 corde
1449 691 1553 753 tuo
1599 687 1866 751 ascendit
1896 687 2371 768 concupiscentia
2400 686 2717 767 nequitiae.

529 800 634 852 aut
677 810 801 850 non
846 790 1078 852 videtur
1120 791 1262 872 tibi,
1305 791 1434 852 viro
1478 792 1637 853 iusto
1680 810 1912 853 saevam
1956 810 2083 852 rem
2128 809 2291 871 esse,
2359 789 2409 850 si
2454 788 2721 851 ascendit

527 892 592 954 in
649 893 829 954 corde
879 892 1038 955 illius
1093 894 1250 954 mala
1311 891 1833 974 concupiscentia?
1906 902 2210 972 peccatum
2258 900 2349 953 est
2388 892 2586 971 enim,
2659 899 2720 952 et

449 993 768 1076 -5quidem
825 1013 1129 1074 magnum.
1186 996 1375 1056 iustus
1435 995 1595 1058 enim
1633 996 1720 1056 vir
1760 995 1911 1056 iusta
1958 995 2191 1074 cogitat.
2236 995 2532 1074 cogitante
2574 1011 2715 1072 ergo

529 1097 632 1158 illo
678 1115 829 1178 quae
869 1096 1019 1158 iusta
1064 1103 1206 1158 sunt
1248 1104 1307 1156 et
1350 1105 1511 1157 recte
1554 1096 1919 1176 ingrediente
1962 1097 2061 1158 illo
2093 1097 2155 1158 in
2188 1097 2365 1158 caelis
2392 1096 2716 1177 propitium
2770 1177 2775 1181 ι

533 1199 772 1262 habebit
813 1199 1121 1259 dominum
1167 1198 1229 1258 in
1273 1199 1437 1258 omni
1481 1199 1718 1278 negotio
1762 1219 1895 1260 suc.
1941 1199 2043 1280 qui
2084 1208 2282 1261 autem
2326 1199 2580 1260 nefanda
2615 1216 2717 1258 co-

533 1303 722 1382 gitant
761 1302 823 1362 in
868 1301 1148 1361 cordibus
1191 1300 1346 1381 suis,
1386 1311 1639 1363 mortem
1686 1311 1745 1362 et
1787 1301 2180 1382 captivitatem
2225 1301 2339 1362 sibi
2380 1309 2714 1380 assumunt,

533 1405 787 1467 maxime
840 1403 902 1465 bi
962 1402 1063 1481 qui
1121 1403 1384 1464 seculum
1449 1403 1565 1464 hoc
1626 1402 1879 1483 diligunt
1923 1415 1983 1466 et
2023 1404 2357 1482 gloriantur
2398 1403 2459 1465 in
2506 1402 2717 1464 divitiis

436 1505 674 1576 msuiS.
719 1513 780 1567 et
823 1504 926 1585 qui
966 1524 1090 1567 non
1137 1514 1447 1585 expectant
1492 1507 1689 1568 futura
1733 1506 1921 1586 bona,
1970 1515 2297 1568 vacuantur
2338 1507 2569 1568 animae
2614 1524 2716 1567 eo-

535 1629 691 1671 rum.
751 1609 896 1670 haec
937 1616 1134 1670 autem
1179 1609 1406 1670 faciunt
1450 1608 1645 1690 dubii‚-
1720 1608 1819 1688 qui
1864 1629 1986 1670 non
2033 1609 2255 1672 habent
2292 1629 2459 1689 spem
2502 1607 2566 1670 in
2610 1608 2717 1669 do·-

535 1712 734 1785 mino‚
792 1720 854 1773 et
893 1719 1285 1774 contemnunt
1327 1718 1387 1772 et
1429 1711 1739 1792 negligunt
1779 1711 1957 1774 vitam
2000 1731 2191 1775 suam.
2236 1711 2339 1774 sed
2384 1720 2451 1772 tu
2495 1729 2601 1771 ora
2642 1710 2716 1772 ad

536 1815 882 1896 dominum,
954 1822 1013 1876 et
1076 1813 1306 1876 sanabit
1373 1821 1616 1893 peccata
1674 1821 1777 1874 tua
1836 1815 2135 1895 totiusque
2170 1815 2407 1876 2domus
2464 1823 2601 1876 tuae
2660 1824 2717 1874 et

533 1917 800 1980 omnium
840 1922 1247 1980 sanctorum“.

410 2023 520 2102 ³15
749 2019 782 2057 2
802 2028 1112 2100 postquam
1189 2027 1383 2080 autem
1443 2020 1641 2081 locuta
1700 2027 1793 2080 est
1842 2003 2020 2080 verba
2075 2019 2257 2106 haec,
2332 2017 2514 2079 clausi
2576 2025 2717 2077 sunt

537 2122 702 2202 caeli,
747 2131 807 2183 et
849 2140 958 2202 ego
999 2130 1159 2183 totus
1201 2141 1364 2184 eram
1407 2123 1470 2183 in
1518 2141 1790 2185 moerore
1836 2130 1896 2182 et
1936 2129 2101 2183 metu
2146 2131 2205 2183 et
2248 2120 2513 2182 dicebam
2558 2120 2715 2180 intra

536 2245 665 2288 me:
733 2224 837 2300 „Si
878 2225 995 2284 hoc
1037 2223 1179 2285 mihi
1220 2233 1529 2304 peccatum
1572 2223 1917 2306 ascribitur,
1961 2242 2081 2304 quo
2126 2225 2303 2286 modo
2347 2232 2555 2305 potero
2600 2221 2716 2282 sal-

534 2331 642 2388 vus
696 2344 861 2406 esse,
929 2335 1031 2388 aut
1072 2345 1190 2408 quo
1236 2327 1414 2413 modo
1461 2327 1719 2390 exorabo
1764 2327 2071 2388 dominum
2116 2345 2225 2406 pro
2269 2325 2526 2406 peccatis
2567 2323 2715 2384 meis

534 2499 616 2581 pr.
649 2526 730 2578 v.,
761 2489 874 2567 mTa.
905 2509 972 2567 D.
1020 2539 1102 2552 -=
1138 2517 1194 2565 te
1237 2511 1441 2567 veritus
1475 2527 1597 2567 sum
1631 2511 1716 2581 (σε
1750 2512 2057 2581 ἐνετράπην)
2092 2525 2139 2565 c.
2177 2511 2260 2566 ed.
2292 2526 2406 2581 pr..
2450 2509 2715 2564 reveritus

538 2612 657 2665 sum
676 2598 760 2663 D.‚
801 2604 858 2653 te
891 2595 1095 2651 veritus
1114 2596 1256 2661 Vat„
1293 2605 1346 2650 te
1380 2599 1645 2653 reveritus
1682 2613 1801 2652 sum
1820 2616 1877 2654 v:
1904 2626 1974 2637 --
2010 2602 2061 2655 2.
2097 2598 2205 2651 mei
2222 2599 2357 2655 c.D.
2377 2598 2518 2662 Vat„
2552 2594 2713 2649 michi

537 2680 622 2737 ed.
659 2699 756 2751 pn,
789 2682 848 2737 in
882 2697 968 2737 me
1004 2699 1050 2738 v.
1087 2713 1155 2723 —
1189 2683 1551 2739 commentitie
1585 2700 1631 2739 c.
1654 2684 1719 2741 D.
1741 2684 1860 2739 Vat.
1880 2685 2081 2750 Dress„
2115 2686 2491 2740 commentaris
2512 2682 2597 2738 ed.
2614 2697 2713 2751 pr„

535 2768 955 2824 comminisceris
990 2786 1037 2823 v.
1073 2796 1136 2807 -
1176 2768 1370 2823 mulier
1404 2764 1472 2838 (ὦ
1506 2771 1685 2840 γύναι)
1704 2787 1748 2825 c.
1768 2770 1850 2835 D.,
1887 2772 2131 2827 om.Vat.
2157 2771 2240 2827 ed.
2262 2787 2342 2840 pr.
2360 2788 2407 2825 v.
2434 2804 2488 2817 -
2534 2770 2584 2826 3.
2618 2774 2715 2823 aut

537 2870 585 2908 c.
622 2854 689 2911 D.
723 2855 876 2918 Vnt..
933 2870 1006 2907 an
1040 2852 1123 2907 ed.
1165 2869 1249 2923 pr.
1282 2871 1334 2911 v.
1369 2884 1440 2895 -
1497 2868 1711 2909 saevam
1744 2849 1866 2908 rem‘
1895 2872 1943 2914 c.
1976 2856 2044 2915 D.
2074 2858 2215 2923 Vat„
2246 2873 2362 2912 rem
2402 2870 2616 2911 saevam
2654 2852 2711 2905 G.

535 2937 632 3003 G..
681 2938 921 3009 iniquam
965 2953 1082 2991 rem
1129 2938 1214 2993 ed.
1261 2954 1368 3007 pr„
1424 2953 1541 2993 rem
1589 2940 1829 3009 iniquam
1872 2960 1923 3000 v.
1970 2975 2040 2985 -—
2097 2943 2342 3000 ascendit
2390 2944 2612 3009 (ἀναβῇ)
2662 2954 2707 2991 c.

511 3020 686 3089 Nat„
736 3025 993 3081 ascendet
1035 3023 1100 3078 D.
1116 3063 1131 3087 ‚
1186 3024 1494 3080 ascenderit
1538 3025 1623 3081 ed.
1658 3042 1737 3095 pr.
1772 3044 1820 3081 v.
1873 3060 1944 3069 —
2011 3034 2064 3087 4.
2106 3030 2254 3085 illius
2288 3046 2333 3085 c.
2366 3030 2433 3085 D.
2469 3028 2589 3082 Vat.
2627 3025 2711 3080 ed.

535 3124 645 3178 pr..
679 3125 782 3167 om.
815 3126 868 3164 v.
903 3140 972 3149 —
1019 3114 1106 3164 est
1137 3109 1282 3163 enim
1315 3116 1371 3164 et
1405 3111 1501 3181 (cf.
1537 3117 1643 3181 gr.)
1678 3112 1915 3179 emend„
1970 3121 2055 3170 est
2088 3117 2139 3185 ei
2176 3122 2232 3170 et
2264 3115 2351 3171 ed.
2385 3130 2466 3184 pr.
2498 3130 2575 3179 v.,
2629 3114 2715 3167 est

535 3195 679 3251 enim
711 3196 797 3260 D..
833 3194 886 3249 ei
916 3194 1040 3251 Vat.
1077 3225 1140 3237 —
1213 3201 1260 3251 5.
1293 3212 1547 3266 magnum
1580 3213 1625 3252 c.
1661 3199 1725 3253 D.
1761 3200 1901 3263 Vat„
1936 3202 2139 3271 grande
2174 3200 2259 3257 ed.
2293 3217 2375 3270 pr.
2392 3218 2438 3253 v.
2468 3229 2533 3239 -
2568 3199 2712 3252 iusta

531 3281 757 3349 (δίκαια)
792 3296 838 3336 c.
873 3280 960 3338 ed.
993 3297 1077 3349 pr.
1106 3298 1188 3347 v.‚
1221 3280 1364 3337 iuste
1397 3283 1462 3337 D.
1500 3284 1625 3339 Vat.
1670 3312 1733 3323 —-
1805 3288 1850 3337 6,
1889 3301 2028 3354 quae
2064 3303 2108 3341 c.
2142 3286 2265 3343 Vat.
2304 3286 2385 3342 ed.
2422 3302 2507 3354 pr.
2540 3303 2607 3348 v„
2646 3299 2712 3337 ea.

533 3382 639 3435 que
684 3366 748 3423 D.
801 3395 864 3407 -
917 3366 1252 3434 ingrediente
1297 3368 1390 3422 illo
1440 3385 1484 3423 c.
1532 3368 1600 3423 D.
1635 3369 1785 3428 Vat..
1842 3386 1907 3425 eo
1942 3372 2275 3440 ingrediente
2328 3372 2410 3425 ed.
2446 3388 2525 3440 pr.
2561 3390 2607 3425 v.
2645 3397 2709 3409 -—
2805 3411 2809 3412 ff

465 3468 470 3478 ¹
533 3454 587 3510 8.
621 3452 725 3507 sibi
760 3468 804 3505 c.
840 3452 904 3505 D.
938 3452 1064 3509 Vat.
1100 3452 1182 3508 ed.
1215 3469 1296 3521 pr.
1330 3453 1547 3519 Dresffl,
1601 3471 1705 3513 om.
1741 3473 1787 3511 v.
1847 3486 1909 3496 --
1981 3463 2031 3513 9.
2080 3458 2139 3511 hi
2173 3474 2217 3513 c.
2260 3459 2324 3513 D.
2361 3458 2517 3520 Vat„
2551 3456 2591 3510 ii
2628 3454 2712 3509 ed.

528 3551 614 3605 pr.
651 3554 696 3590 v.
732 3568 798 3577 -
868 3536 913 3587 9.
957 3536 1034 3590 10.
1071 3537 1129 3590 in
1163 3536 1362 3593 divitiis
1397 3540 1512 3595 suis
1547 3549 1773 3596 mortem
1808 3550 1864 3596 et
1897 3544 2259 3611 captivitatem
2294 3543 2397 3599 sibi
2433 3546 2713 3597 assumunt

529 3628 586 3675 et
622 3622 713 3690 qui
748 3622 871 3677 Vat.
909 3651 971 3661 -
1045 3624 1124 3677 10.
1158 3622 1345 3679 futura.
1377 3626 1522 3681 bona.
1556 3643 1600 3683 c.
1638 3628 1758 3683 Vat.
1792 3629 1876 3683 ed.
1911 3646 1990 3699 pr.
2025 3647 2103 3694 v..
2147 3630 2290 3685 bona.
2320 3630 2506 3683 futura
2539 3628 2607 3684 D.
2640 3657 2711 3667 —

525 3712 824 3764 vacuantur
857 3724 906 3767 c.
938 3710 1006 3766 D.
1038 3708 1164 3770 Vat.
1199 3712 1284 3769 ed.
1319 3730 1400 3783 pr.
1436 3732 1513 3780 v.,
1548 3720 1811 3781 vagantur
1842 3714 1977 3771 Mss.
2018 3715 2129 3771 Cot.
2166 3746 2228 3755 —
2288 3717 2367 3769 10.
2412 3720 2487 3769 11.
2525 3729 2710 3768 eorum

451 3806 463 3820 s
526 3810 578 3851 c.
616 3794 744 3849 Vat.
776 3794 860 3850 ed.
895 3810 978 3864 pr.
1015 3814 1088 3861 v.,
1137 3796 1354 3853 illorum
1385 3800 1454 3857 D.
1490 3830 1561 3840 --
1634 3802 1714 3855 11.
1751 3800 1887 3856 haec
1921 3815 1965 3855 c.
2002 3797 2122 3857 Vat.
2160 3801 2247 3859 ed.
2282 3818 2359 3871 pr.
2397 3820 2473 3866 v.‚
2508 3801 2608 3855 hoc
2642 3800 2709 3854 D.

525 3905 594 3920 -—
637 3878 720 3936 11.
741 3881 822 3935 12.
858 3879 1071 3937 domino
1104 3898 1150 3937 c.
1185 3884 1306 3939 Vat.
1344 3885 1426 3941 ed.
1461 3901 1543 3954 pr.
1578 3903 1624 3941 v.
1641 3924 1656 3949 ,
1691 3883 1792 3939 deo
1825 3884 1888 3941 D.
1928 3920 1993 3931 —
2037 3891 2118 3941 12.
2154 3894 2210 3942 et
2240 3888 2519 3957 negligunt
2547 3886 2711 3941 vitam

521 3978 569 4017 c.
603 3960 668 4017 D.
705 3962 787 4020 ed.
820 3980 901 4031 pr.
938 3981 982 4019 v.
1001 4005 1016 4030 ,
1051 3968 1328 4037 negligunt
1360 3970 1503 4026 viam
1536 3971 1661 4026 Vat.
1700 4000 1761 4011 -

665 4053 744 4103 16.
787 4058 968 4105 autem
1011 4053 1192 4109 locuta
1237 4062 1323 4109 est
1360 4072 1404 4111 c.
1439 4056 1510 4113 D.
1547 4057 1630 4112 ed.
1664 4074 1747 4127 pr.
1782 4076 1831 4111 v.
1853 4098 1867 4121 ,
1920 4057 2101 4112 locuta.
2148 4065 2233 4111 est
2267 4062 2449 4111 autem
2484 4056 2601 4110 Vat.
2644 4084 2709 4099 --

517 4149 758 4189 moerore
765 4153 836 4273 Dc
877 4136 941 4191 D.
979 4138 1060 4194 ed.
1096 4158 1171 4209 pr.
1211 4160 1276 4207 v.,
1317 4155 1552 4197 memore
1586 4142 1709 4197 Vat.
1753 4170 1811 4182 —
1858 4146 1937 4199 18.
1973 4143 2244 4197 dominum
2278 4158 2321 4197 c.
2353 4142 2473 4197 Vat.
2510 4142 2594 4196 ed.
2627 4157 2708 4210 pr.

518 4236 584 4286 v.,
627 4236 727 4275 om.
816 4265 826 4277 .
871 4252 930 4263 -—
