3003 5080
459 437 546 504 38
1457 435 1667 491 Pastor.

460 613 757 688 reddunt,
833 615 1220 694 coinquinant
1260 613 1612 695 mandatum
1658 613 1885 674 domini
1930 619 1988 672 et
2030 611 2401 672 fraudatores
2444 611 2653 671 fiunt“.

459 719 551 780 his
598 735 739 795 ergo
785 718 997 778 auditis
1040 719 1422 779 vehementer
1464 717 1616 778 flevi.
1664 717 1765 795 qui
1811 735 1947 777 cum
1990 715 2231 776 flentem
2277 733 2373 776 me
2417 714 2657 788 videret,

463 822 605 882 dixit
647 821 824 881 mihi:
873 821 1064 897 „Quid
1109 819 1398 901 ploras“?
1444 832 1501 880 et
1546 820 1696 880 dixi:
1743 819 2109 896 „Quoniam‚
2151 819 2412 894 domine,
2456 817 2656 880 nescio

463 945 536 986 an
584 924 810 1005 possim
855 924 1050 985 salvus
1097 927 1287 985 esse“.
1363 921 1687 999 „Quare“?
1730 923 1945 1000 inquit.
1989 932 2049 984 et
2093 923 2240 983 dixi:
2290 922 2477 999 „Quia
2503 940 2657 982 nun-

400 1024 674 1108 5quam‚
737 1027 1005 1108 domine,
1053 1046 1259 1088 verum
1307 1029 1551 1089 verbum
1597 1027 1834 1088 locutus
1883 1047 2015 1089 sum
2060 1027 2120 1088 in
2158 1027 2274 1088 vita
2320 1046 2485 1106 mea,
2556 1025 2658 1085 sed

463 1151 698 1212 semper
747 1133 807 1192 in
873 1131 1250 1192 simulatione
1311 1131 1429 1190 dixi
1475 1138 1534 1191 et
1578 1131 1951 1192 mendacium
1994 1151 2103 1212 pro
2146 1131 2391 1192 veritate
2434 1128 2659 1190 firmavi

389 1243 394 1246 '
463 1235 760 1309 omnibus,
807 1242 866 1295 et
909 1254 1032 1295 non
1077 1235 1222 1295 mihi
1266 1235 1578 1315 quisquam
1619 1235 1994 1316 contradixit,
2040 1235 2142 1296 sed
2172 1235 2317 1296 fides
2346 1241 2437 1294 est
2465 1232 2657 1292 habita

460 1340 641 1400 verbo
705 1357 860 1400 meo.
924 1339 1226 1418 quomodo
1290 1357 1432 1417 ergo
1485 1347 1694 1418 potero
1739 1337 1962 1419 vivere,
2039 1357 2175 1399 cum
2220 1338 2306 1398 sic
2348 1333 2659 1417 egerim“?

463 1449 521 1502 et
566 1442 710 1503 dixit
754 1440 930 1502 mihi:
981 1440 1112 1516 „Tu
1156 1440 1392 1519 quidem
1439 1441 1593 1503 bene
1634 1449 1693 1502 et
1739 1462 1872 1503 vere
1915 1442 2117 1503 sentis,
2163 1440 2474 1523 oportebat
2501 1440 2659 1502 enim

363 1546 519 1612 tote
564 1545 717 1606 sicut
761 1544 853 1605 dei
897 1564 1133 1606 servum
1177 1545 1240 1604 in
1285 1545 1529 1606 veritate
1570 1544 1875 1607 ambulare
1904 1554 1963 1606 et
1988 1546 2204 1606 malam
2238 1545 2661 1606 conscientiam

369 1723 372 1726 ⁴
464 1669 599 1710 cum
659 1648 868 1728 spiritu
922 1648 1179 1710 veritatis
1225 1667 1348 1709 non
1394 1649 1758 1729 coniungere
1803 1669 1915 1710 nec
1956 1649 2246 1710 tristitiam
2292 1649 2522 1728 spiritui
2569 1649 2659 1709 dei

463 1763 671 1814 sancto
717 1759 776 1812 et
817 1771 955 1812 vero
999 1753 1255 1814 facere.“
1304 1761 1364 1813 et
1407 1752 1527 1812 dixi
1570 1752 1686 1813 illi:
1736 1754 2153 1834 „Numquam‚
2200 1753 2469 1826 domine,
2515 1753 2661 1813 haec

461 1855 635 1918 verba
681 1864 801 1916 tam
835 1854 1145 1934 diligenter
1174 1856 1428 1920 audivi.“
1476 1865 1536 1918 et
1563 1857 1708 1918 dixit
1739 1857 1914 1917 mihi:
1962 1857 2174 1933 „Nunc
2204 1857 2391 1918 audiS.
2432 1855 2661 1917 custodi

462 1980 493 2020 a
553 1958 768 2033 modo,
842 1967 906 2018 ut
967 1967 1026 2020 et
1066 1960 1197 2035 illa,
1275 1961 1633 2041 quaeprius
1677 1961 1913 2022 locutus
1958 1981 2021 2022 es
2066 1962 2212 2022 falsa
2256 1979 2365 2040 pro
2412 1959 2661 2038 negotiis

362 2063 444 2126 15
463 2064 614 2144 tuis,
682 2061 774 2123 his
832 2062 1024 2122 verbis
1081 2071 1138 2123 et
1195 2062 1296 2124 illa
1350 2063 1527 2124 fidem
1573 2064 1918 2144 percipiant.
1964 2072 2217 2144 possunt
2258 2063 2416 2124 enim
2461 2071 2518 2124 et
2561 2063 2661 2124 illa

463 2167 638 2228 fidem
684 2164 1022 2246 percipere,
1067 2165 1116 2226 si
1161 2185 1296 2227 vera
1340 2167 1577 2229 Iocutus
1620 2168 1799 2229 fueris
1842 2189 1874 2230 a
1921 2170 2121 2248 modo,
2168 2175 2227 2230 et
2266 2167 2317 2228 si
2361 2166 2660 2227 veritatem

463 2269 820 2343 servaveriS‚
893 2268 1116 2348 poteris
1159 2269 1335 2330 vitam
1383 2271 1691 2350 consequi.
1767 2280 1826 2332 et
1868 2273 2213 2352 quicunque
2258 2270 2503 2332 audierit
2546 2271 2665 2332 hoc

463 2374 808 2437 mandatum
856 2381 914 2434 et
959 2372 1158 2434 fecerit
1201 2381 1259 2434 et
1300 2374 1615 2435 recesserit
1656 2394 1687 2435 a
1733 2375 2076 2450 mendacio,
2122 2375 2275 2436 vivet
2316 2375 2492 2435 deo“.

600 2668 648 2721 1.
683 2663 918 2720 reddunt
952 2680 996 2719 c.
1037 2662 1102 2716 D.
1141 2662 1224 2718 ed.
1263 2680 1344 2734 pr.
1382 2684 1431 2721 v.
1449 2707 1462 2730 ‚
1519 2665 1750 2721 reddant
1786 2665 1907 2721 Vat.
1946 2693 2012 2705 —
2088 2668 2138 2722 2.
2176 2664 2264 2720 his
2302 2681 2429 2735 ergo
2464 2663 2664 2720 auditis

459 2772 504 2809 c.
538 2755 602 2808 B.
635 2752 703 2810 D.
741 2754 864 2807 Vat.
901 2750 985 2805 ed.
1018 2766 1130 2820 pr.‚
1181 2750 1268 2804 his
1303 2750 1505 2806 auditis
1542 2767 1642 2821 ego
1678 2751 1825 2816 Cot„
1873 2750 1961 2806 his
1997 2766 2095 2819 ego
2134 2752 2337 2806 auditis
2372 2752 2559 2807 Dress,
2596 2784 2664 2791 —

459 2841 678 2895 flentem
723 2853 810 2892 me
860 2854 903 2891 c.
942 2835 1068 2890 Vat.
1103 2835 1184 2889 ed.
1219 2852 1300 2904 pr.
1336 2856 1413 2903 v.,
1468 2854 1555 2892 me
1591 2838 1810 2892 flentem
1842 2838 1907 2892 D.
1942 2868 2012 2877 —
2083 2843 2129 2893 5.
2166 2852 2352 2892 verum
2386 2853 2432 2890 c.
2470 2836 2536 2890 D.
2574 2837 2659 2892 ed.

457 2942 538 2995 pr.
574 2942 655 2991 v.‚
693 2940 796 2977 om.
840 2922 960 2978 Vat.
1000 2951 1062 2962 —
1109 2923 1330 2977 verbum
1364 2924 1579 2979 locutus
1615 2938 1735 2979 sum
1784 2923 1842 2979 in
1887 2925 1999 2981 vita
2034 2940 2157 2979 mea
2190 2940 2238 2981 c.
2278 2926 2343 2979 D.
2379 2925 2529 2990 Vat„
2581 2925 2661 2979 lo-

459 3018 618 3065 cutus
661 3025 781 3065 sum
825 3009 883 3062 in
934 3010 1044 3063 vita
1089 3022 1212 3062 mea
1261 3010 1481 3074 verbum
1518 3010 1601 3065 ed.
1634 3026 1745 3078 pr.,
1800 3012 2017 3066 locutus
2055 3026 2175 3065 sum
2206 3014 2429 3068 verbum
2461 3011 2519 3066 in
2550 3012 2662 3066 vita

459 3112 582 3151 mea
614 3114 660 3153 v.
698 3126 765 3134 —
839 3098 886 3149 6.
925 3094 981 3150 in
1018 3112 1062 3151 c.
1100 3095 1166 3149 D.
1212 3093 1295 3148 ed.
1333 3111 1414 3165 pr.
1449 3114 1526 3161 v.,
1581 3112 1703 3150 cum
1734 3098 1858 3153 Vat.
1906 3128 1961 3137 —
2020 3097 2130 3151 dixi
2179 3100 2451 3167 (ἐλάλησα)
2487 3113 2534 3150 c.
2572 3098 2657 3165 D.,

457 3183 564 3240 vixi
614 3184 737 3237 Vat.
787 3180 871 3235 ed.
920 3198 1002 3250 pr.
1052 3199 1102 3234 v.
1157 3211 1224 3219 —
1283 3181 1491 3237 firmavi
1539 3198 1585 3235 c.
1618 3183 1686 3238 D.
1725 3186 1879 3250 vat„
1918 3184 2181 3238 affirmavi
2233 3183 2315 3237 ed.
2364 3200 2443 3253 pr.
2487 3201 2534 3239 v.
2592 3213 2654 3223 -

459 3275 506 3326 7.
545 3270 832 3339 quisquam
879 3284 922 3322 c.
959 3268 1026 3323 D.
1063 3267 1184 3323 Vat.
1234 3270 1366 3337 (sec.
1404 3273 1493 3336 m.)
1531 3270 1613 3324 ed.
1648 3286 1731 3339 pr.
1772 3272 1852 3335 νζ,
1885 3271 2202 3340 priusquam
2234 3270 2356 3325 Vat.
2394 3270 2499 3339 (pr.
2536 3269 2656 3339 m.).

460 3387 525 3399 -
577 3364 662 3413 est
688 3344 884 3411 ⁸habita
920 3371 962 3409 c.
1001 3354 1123 3409 Vat.
1160 3354 1244 3411 ed.
1281 3371 1392 3422 pr„
1456 3355 1645 3411 habita
1680 3362 1764 3412 est
1797 3357 1863 3412 D.
1897 3376 1944 3413 v.
1982 3386 2047 3398 -
2119 3360 2169 3412 8.
2208 3356 2473 3426 quomodo
2510 3373 2553 3411 c.
2588 3356 2653 3411 D.

457 3445 543 3502 ed.
577 3461 659 3512 pr.
695 3462 743 3500 v.
760 3484 775 3508 ,
817 3440 1267 3511 quemadmodum
1299 3440 1423 3496 Vat.
1465 3472 1521 3481 —-
1598 3444 1643 3496 9.
1683 3448 1737 3497 et
1772 3442 1905 3496 dixit
1938 3442 2069 3495 mihi
2106 3459 2153 3498 c.
2188 3442 2311 3499 Vat.
2347 3443 2434 3497 ed.
2470 3458 2551 3511 pr.
2589 3460 2653 3505 v.‚

459 3548 561 3587 om.
593 3531 658 3586 D.
697 3560 763 3571 -
836 3532 916 3581 10.
949 3528 1007 3581 in
1040 3527 1268 3583 veritate
1303 3528 1581 3583 ambulare
1623 3545 1668 3584 c.
1702 3529 1767 3581 D.
1808 3528 1892 3583 ed.
1927 3544 2007 3599 pr.
2042 3546 2117 3594 v.,
2165 3529 2442 3583 ambulare
2477 3528 2535 3582 in
2564 3542 2651 3584 ve-

455 3618 617 3673 ritate
651 3616 774 3673 Vat.
813 3645 876 3655 -—
956 3618 1036 3671 11.
1070 3628 1170 3669 nec
1207 3615 1382 3686 (μηδὲ)
1419 3632 1462 3671 c.
1496 3617 1562 3671 D.
1597 3634 1679 3681 v.‚
1736 3620 1791 3669 et
1823 3615 1946 3670 Vat.
1982 3614 2064 3669 ed.
2099 3630 2183 3685 pr.
2218 3644 2283 3655 —-
2350 3618 2428 3671 12.
2468 3620 2652 3671 sancto

456 3710 512 3759 et
545 3720 671 3759 vero
705 3703 886 3758 facere
923 3719 965 3758 c.
1011 3706 1131 3756 Vat.
1175 3702 1306 3770 (om.
1341 3702 1422 3771 et)
1461 3703 1545 3757 ed.
1580 3718 1660 3771 pr.
1695 3720 1759 3766 v.‚
1795 3701 1976 3756 facere
2008 3706 2195 3757 sancto
2232 3706 2288 3756 et
2321 3718 2449 3758 vero
2481 3702 2546 3755 D.
2584 3732 2648 3741 -

459 3794 542 3849 13.
581 3795 664 3848 14.
712 3788 920 3846 custodi
969 3805 1004 3843 a
1050 3788 1209 3843 modo
1257 3804 1306 3845 c.
1340 3787 1405 3841 D.
1439 3788 1500 3843 L.
1538 3790 1687 3858 (Dr.)
1723 3789 1845 3844 Vat.
1892 3787 2193 3857 (ammodo)
2230 3789 2315 3843 ed.
2350 3806 2466 3858 pr.‚
2520 3802 2652 3842 cura

455 3877 710 3947 deinceps
747 3894 794 3931 v.
833 3904 883 3913 -—
973 3878 1052 3931 14.
1089 3876 1303 3932 locutus
1339 3890 1383 3928 c.
1419 3874 1484 3929 D.
1522 3876 1609 3931 ed.
1644 3889 1726 3942 pr.
1762 3894 1841 3943 v.,
1873 3876 2055 3930 locuta
2088 3874 2211 3928 Vat.
2246 3905 2314 3915 —
2354 3878 2437 3932 15.
2472 3874 2568 3930 illa
2602 3888 2649 3931 c.

453 3964 578 4021 Vnt.
615 3963 701 4019 ed.
735 3978 818 4031 pr.
855 3980 933 4027 v.,
993 3962 1144 4017 illam
1177 3961 1244 4017 D.
1279 3992 1344 4001 -—
1399 3960 1701 4031 percipiant
1734 3980 1777 4018 c.
1813 3962 1874 4017 B.
1910 3963 1975 4015 D.
2006 3962 2069 4016 L.
2088 4002 2100 4025 ,
2130 3960 2477 4030 ‘perticipant
2508 3960 2649 4024 Vat„

451 4048 719 4119 recipiant
767 4047 847 4103 ed.
882 4064 966 4116 pr.
1001 4066 1052 4105 v.
1086 4080 1155 4089 —
1227 4050 1311 4105 16.
1360 4047 1638 4117 percipere
1675 4064 1722 4106 c.
1758 4048 1824 4105 B.
1863 4048 1929 4103 D.
1962 4048 2025 4103 L.
2062 4047 2214 4113 Vat.,
2271 4047 2513 4116 recipere
2561 4044 2649 4103 ed.

451 4154 530 4208 pr.
567 4154 614 4190 v.
656 4165 719 4177 —
756 4150 792 4190 a
824 4134 978 4189 modo
1012 4150 1056 4191 c.
1098 4134 1162 4188 D.
1199 4132 1258 4187 L.
1293 4133 1435 4203 (Dr.)
1471 4134 1556 4191 ed.
1592 4151 1689 4203 pr„
1727 4133 1975 4191 ammodo
2017 4134 2165 4199 Vat„
2204 4134 2460 4201 deinceps
2495 4150 2541 4188 v.
2576 4161 2646 4172 —
