3003 5080
561 381 644 445 10
1552 381 1757 440 Pastor.

556 563 903 634 permanete
959 565 1102 635 ergo
1153 556 1255 634 qui
1313 555 1644 636 operamini
1696 557 1979 619 iustitiam
2026 567 2086 620 et
2126 561 2213 622 sic
2258 563 2461 646 facite,
2534 539 2602 628 ut
2642 569 2743 630 flat

555 657 841 719 transitus
898 665 1094 720 vester
1151 653 1301 722 oum‘·
1345 659 1563 722 sanctis
1620 659 1861 740 angelis.
1934 661 2131 726 felices
2188 665 2325 740 vos,
2402 667 2739 750 quicunque

553 761 858 823 sustinetis
923 767 1260 843 pressuram
1323 757 1835 842 supervenientem
1904 783 2178 844 magnam
2196 812 2215 848 ,
2284 776 2343 830 et
2399 771 2739 853 quicunque

555 876 679 923 non
742 864 1041 942 negaverit
1095 864 1272 926 v‘itam
1329 880 1520 926 suam.
1580 863 1793 927 iuravit
1854 867 2013 928 enim
2061 867 2341 932 dominus
2394 891 2504 952 per
2546 875 2735 937 filium

492 959 761 1026 5suum:
807 966 908 1045 qui
951 967 1370 1046 denegaverint
1405 967 1599 1028 filium
1642 985 1823 1047 seque
1863 969 2299 1050 despondentes
2329 973 2506 1036 vitam
2543 996 2733 1060 suam,

552 1069 651 1146 qui
709 1087 872 1130 nunc
915 1069 1301 1148 denegaturi·
1334 1079 1474 1131 sunt
1529 1070 1590 1132 in
1652 1071 2099 1134 advenientibus
2143 1073 2369 1136 diebuS.
2412 1076 2472 1138 hi
2513 1088 2733 1155 autem,

549 1171 655 1248 qui
708 1189 973 1250 unquam
1011 1172 1462 1250 denegaverint,
1528 1174 1605 1235 ob
1651 1173 1893 1235 nimiam
1939 1174 2401 1239 misericordiam
2442 1181 2755 1260 propitius.

547 1274 736 1335 factus
778 1286 868 1336 est
906 1274 1075 1348 illis„
1131 1273 1239 1335 ”tu
1284 1282 1520 1351 autem,
1576 1276 1829 1352 Herma,
1872 1277 2015 1338 noli
2057 1278 2399 1342 meminisse
2438 1282 2729 1346 malorum

399 1451 403 1454 g
545 1377 803 1464 tiliorum
848 1384 1126 1450 tuorum,
1191 1377 1295 1438 sed
1337 1395 1450 1439 nec
1490 1395 1759 1440 sororem
1802 1380 2205 1460 tuampsinaS,
2260 1382 2365 1443 sed
2406 1392 2475 1446 ut
2517 1404 2732 1447 emun-

447 1476 528 1540 10
547 1481 762 1541 dentur
818 1499 850 1540 a
895 1478 1156 1560 pristinis
1199 1479 1472 1559 peccatiS.
1518 1480 1871 1556 erudientur,
1911 1483 2069 1544 enim
2113 1484 2382 1546 doctrina
2425 1486 2615 1564 iusta,
2678 1489 2727 1551 si

543 1590 610 1644 tu
653 1581 770 1643 iam
819 1601 939 1645 non
984 1582 1164 1644 fueris
1206 1597 1438 1644 memor
1479 1582 1729 1645 malitiae
1770 1583 2031 1647 illorum.
2078 1587 2363 1649 memoria
2406 1589 2565 1651 enim
2596 1609 2727 1652 ma·

543 1685 742 1747 lorum
785 1693 1036 1748 mortem
1083 1695 1382 1767 operatur,
1425 1686 1643 1748 oblivio
1689 1687 1847 1748 enim
1894 1688 2190 1750 malorum
2217 1688 2396 1752 vitam
2423 1700 2724 1756 aeternam

543 1797 919 1868 cooperatur.
991 1796 1056 1850 tu
1102 1789 1296 1869 enim,
1365 1787 1617 1864 Herma,
1687 1807 1934 1868 magnas
1976 1789 2383 1854 tribulationes
2426 1795 2723 1858 seculares

542 1891 795 1954 habuisti
855 1895 1102 1973 propter
1155 1889 1685 1970 praevaricationes
1741 1892 1954 1953 domus
2013 1900 2183 1975 tuae,
2256 1897 2538 1974 quoniam
2598 1917 2721 1960 non

439 1995 522 2060 15
540 1995 826 2076 pertinuit
866 1995 938 2056 ad
981 2001 1041 2056 te
1083 1995 1156 2055 de
1200 1993 1344 2067 illis,
1389 2001 1448 2054 et
1487 1992 1551 2054 in
1599 1994 2093 2072 negotiationibus
2137 1995 2253 2057 tuis
2294 1997 2569 2078 malignis
2610 1999 2721 2060 im-

536 2097 775 2180 plicitus
819 2115 915 2158 ess·
949 2097 1082 2159 'sed'
1105 2097 1250 2158 illud
1291 2104 1351 2158 te
1393 2095 1620 2157 salvum
1664 2097 1867 2170 faciet,
1931 2097 2091 2177 quod
2135 2117 2260 2160 non
2306 2100 2642 2164 discesseris
2684 2121 2720 2162 a

534 2266 739 2322 sionem
783 2264 849 2320 D.
899 2253 976 2306 -’
1045 2266 1091 2318 1.
1133 2262 1230 2318 fiat
1271 2263 1536 2334 (γένηται)
1584 2279 1629 2319 c.
1674 2261 1735 2316 G.
1782 2262 1953 2328 Vict„
2010 2263 2082 2318 sit
2130 2263 2196 2319 D.
2244 2266 2367 2324 Vat.
2420 2268 2504 2323 ed.
2543 2286 2623 2337 pr.
2672 2287 2716 2323 v.

531 2381 602 2393 —-
635 2354 684 2408 2.
719 2350 984 2406 transitus
1016 2356 1197 2404 vester
1231 2363 1274 2404 c.
1310 2348 1433 2406 Vat.
1469 2348 1553 2403 ed.
1589 2365 1667 2418 pr.
1702 2366 1777 2413 v.‚
1809 2355 1990 2403 vester
2022 2349 2285 2406 transitus
2319 2353 2384 2406 D.
2419 2385 2488 2394 --
2540 2358 2586 2408 5.
2624 2353 2717 2422 qui

532 2435 916 2505 denegaverint
955 2437 1102 2503 (τοῦς
1147 2435 1554 2503 ἀρνησαμένους)
1602 2447 1647 2490 C.
1682 2435 1764 2497 D.,
1799 2433 1893 2504 qui
1928 2433 2275 2504 denegaverit
2304 2437 2365 2493 B.
2401 2439 2459 2492 Ο.
2492 2437 2556 2495 Ia.
2593 2439 2714 2494 Vat.

529 2520 613 2579 ed.
647 2537 726 2593 pr.
761 2539 807 2579 v.
858 2550 924 2565 -
997 2523 1041 2574 5.
1077 2523 1125 2577 6.
1181 2533 1348 2589 seque
1381 2519 1791 2589 despondentes
1810 2519 1975 2577 vitam
2009 2537 2165 2578 suam
2178 2564 2193 2589 ,
2250 2523 2342 2593 qui
2378 2539 2521 2579 nunc
2554 2523 2715 2579 dene·

525 2609 708 2678 gaturi
766 2614 894 2663 sunt
937 2608 1354 2678 (ἆπεγνωρίσθαι
1401 2609 1509 2661 ἀπὸ
1560 2614 1649 2669 τῆς
1698 2612 1821 2674 ζωῆς
1868 2610 2071 2675 αὐτῶν,
2132 2611 2246 2669 τοὺς
2297 2616 2393 2663 νῦν
2436 2614 2714 2679 μέλλοντας

528 2694 826 2769 ἀρνεῖσθαι)
860 2686 905 2751 ο.
939 2693 1002 2752 Β.
1035 2693 1089 2749 G.
1120 2693 1186 2748 D.
1205 2692 1428 2757 L.-Vat.‚
1464 2696 1523 2746 et
1556 2706 1617 2747 se
1652 2690 1979 2761 spondentes
2014 2708 2077 2749 se
2110 2694 2279 2749 vitam
2311 2694 2486 2749 illius:
2522 2700 2579 2749 et
2610 2692 2716 2763 ipsi

526 2778 846 2850 denegaturi
881 2786 1008 2834 sunt
1040 2779 1124 2834 ed.
1158 2795 1265 2848 pr..
1319 2785 1376 2833 et
1409 2791 1497 2843 se,
1557 2778 1955 2847 despondentes
1992 2794 2147 2834 suam
2180 2778 2371 2845 vitam,
2405 2780 2488 2835 illi
2524 2787 2580 2835 et
2611 2778 2717 2849 ipsi

526 2863 843 2935 denegaturi
877 2869 1004 2919 sunt
1035 2864 1190 2919 illum
1207 2864 1319 2918 Cot.
1336 2895 1404 2905 -—
1441 2862 1566 2920 exhi
1599 2878 1647 2922 c.
1665 2864 1732 2920 D.
1758 2866 1895 2929 vat..
1930 2863 1971 2917 ii
2004 2864 2089 2922 ed.
2122 2881 2206 2934 pr.
2225 2882 2361 2921 v.--
2379 2866 2443 2919 ,1.
2479 2878 2717 2934 unquam

525 2952 826 3023 (πρότερον)
864 2949 1093 3017 emend„
1117 2964 1392 3018 nunquam
1426 2948 1579 3006 codd.
1614 2956 1671 3005 et
1701 2949 1839 3014 edd.,
1873 2948 2105 3019 primum
2150 2949 2382 3007 coniecit
2426 2950 2614 3005 Dress.
2649 2974 2717 2989 --

523 3040 576 3092 8.
614 3036 923 3092 meminisse
956 3034 1219 3089 malorum
1251 3050 1297 3089 c.
1330 3034 1397 3090 D.
1433 3033 1778 3103 (meminere)
1812 3035 1934 3091 Vat.
1970 3035 2053 3091 ed.
2087 3052 2197 3107 pr„
2232 3036 2545 3091 meminisse
2575 3035 2717 3089 iniu-

519 3122 728 3178 riarum
763 3140 811 3179 v.
849 3150 914 3161 —
954 3124 1036 3176 ·9.
1073 3118 1226 3175 sinas
1259 3134 1304 3175 c.
1338 3118 1396 3173 L.
1435 3121 1625 3189 (Aug.)
1658 3120 1803 3185 Vat„
1838 3120 1985 3175 sines
2019 3121 2115 3187 D.,
2152 3108 2396 3189 negligas
2432 3120 2515 3174 ed.
2552 3131 2635 3188 pr.
2671 3130 2717 3173 v.

521 3228 589 3250 ...-
626 3207 724 3263 sed
760 3212 822 3261 ut
854 3216 900 3262 c.
932 3205 997 3261 D.
1017 3206 1163 3269 Vnt,
1196 3206 1294 3259 sed
1327 3219 1478 3259 cura.⁴⁷
1491 3211 1554 3259 ut
1588 3205 1669 3259 ed.
1704 3222 1784 3275 pr.
1816 3223 1863 3261 v.
1899 3232 1969 3251 *-
2021 3208 2174 3261 9.10.
2202 3204 2575 3260 emundentur
2609 3208 2719 3261 (na-

519 3301 872 3366 θαρισθῶαιν)
909 3291 1117 3347 emend.
1154 3289 1251 3359 (cf.
1286 3290 1397 3344 Vis.
1427 3292 1523 3357 ΙΙΙ,
1542 3295 1591 3345 2.
1627 3292 2123 3361 p.14‚15,17.J11‚
2143 3293 2192 3344 8.
2212 3292 2328 3358 aL),
2365 3292 2721 3345 emendentur

519 3379 604 3437 ed.
637 3394 719 3449 pr.
752 3396 822 3445 v..
856 3377 1170 3434 emendetur
1185 3376 1252 3431 D.
1274 3376 1396 3432 Vat.
1428 3407 1496 3418 —
1569 3377 1648 3429 1⁰.
1684 3377 1999 3433 erudientur
2030 3378 2519 3445 (παιδευθήσονται)
2554 3392 2599 3431 c.
2634 3374 2719 3429 ed.

517 3482 601 3537 pr.
635 3482 714 3531 ι,
751 3464 1028 3519 erudietur
1060 3464 1128 3520 D.
1165 3463 1288 3517 Vat.
1323 3490 1390 3503 -
1439 3461 1588 3518 iusta
1620 3464 1849 3537 (δικαία)
1886 3463 2122 3530 emend,
2174 3462 2283 3516 ista
2318 3458 2471 3519 cod'd.
2509 3468 2567 3515 et
2600 3460 2725 3516 edd.

517 3580 590 3593 --
649 3554 729 3605 11.
776 3566 884 3605 non
917 3550 1090 3605 fueris
1125 3564 1329 3603 memor
1359 3563 1403 3605 c.
1439 3548 1560 3603 Vat.
1595 3548 1681 3603 ed.
1715 3565 1795 3618 pr.
1828 3567 1906 3615 v.,
1959 3563 2167 3603 memor
2197 3562 2305 3601 non
2336 3544 2511 3599 fueris
2542 3546 2611 3601 D.
2651 3574 2718 3587 -

516 3636 757 3695 malitiae
801 3651 850 3693 c.
899 3636 957 3691 Ο.
1010 3634 1074 3690 D.
1123 3636 1187 3690 G.
1239 3634 1324 3689 ed.
1374 3648 1473 3702 pr„
1520 3635 1782 3691 malorum
1828 3634 2039 3691 malicie
2076 3633 2197 3687 Vat.
2212 3670 2227 3695 ,
2280 3628 2515 3684 iniuriae
2560 3648 2610 3686 v.
2650 3659 2719 3673 —

517 3728 602 3780 11.
640 3726 718 3777 12.
754 3722 1016 3778 malorum
1049 3736 1097 3775 c.
1119 3720 1178 3777 G.
1196 3720 1262 3773 D.
1283 3719 1487 3778 G.Vat.
1522 3720 1610 3778 ed.
1644 3737 1744 3789 pr„
1779 3720 2101 3776 iniuriarum
2115 3734 2168 3774 v.
2184 3741 2254 3756 -·—
2293 3716 2375 3770 12.
2400 3716 2483 3767 13.
2516 3714 2720 3771 oblivio

513 3810 659 3867 enim
703 3809 966 3863 malorum
999 3807 1166 3863 vitam
1202 3812 1480 3861 aeternam
1519 3785 1839 3875 coopefatur
1872 3820 1917 3858 c.
1953 3804 2021 3862 D.
2058 3805 2190 3871 (om.
2226 3799 2532 3867 aeternam)
2566 3799 2713 3865 Vat.‚

404 3930 408 3933 »
509 3895 710 3957 oblivio
750 3909 879 3950 vero
923 3908 1108 3951 eorum
1135 3894 1453 3962 (malorum
1499 3891 1558 3945 C.
1593 3890 1685 3954 G.)
1729 3891 1894 3946 vitam
1920 3894 2216 3944 ⁴aeternam
2261 3882 2345 3939 ed.
2382 3898 2463 3949 pr.
2480 3916 2485 3920 -
2500 3900 2550 3939 v.
2592 3885 2717 3955 (ea-

509 3982 675 4049 rum).
705 3974 847 4037 haec
874 3979 933 4034 in
965 3995 1042 4050 gr.
1083 3980 1295 4035 desunt.
1329 4006 1396 4019 -
1437 3980 1519 4035 13.
1557 3976 1701 4031 enim
1728 3993 1775 4032 c.
1815 3975 1880 4030 D.
1915 3972 2067 4037 vat..
2102 3975 2286 4026 autem
2322 3967 2404 4023 ed.
2438 3983 2523 4037 pr.
2554 3986 2607 4025 v.
2644 3998 2713 4010 —

515 4072 599 4124 u.
630 4064 868 4124 habuisti
903 4082 946 4121 c.
979 4063 1048 4123 D.
1081 4064 1226 4129 vat..
1259 4063 1569 4118 sustinuisti
1602 4062 1689 4119 ed.
1726 4075 1805 4130 pr.
1838 4077 1890 4117 v.
1925 4088 1994 4099 --·
2068 4058 2149 4111 14.
2190 4058 2271 4112 15.
2304 4067 2412 4107 non
2446 4054 2719 4119 pertinuit

511 4154 583 4211 sd
617 4160 672 4207 te
708 4152 776 4207 de
809 4150 921 4206 illis
951 4166 997 4207 c.
1031 4150 1096 4206 D.
1130 4151 1251 4206 Vat.
1266 4188 1280 4214 ,
1319 4149 1444 4204 illas
1481 4154 1545 4202 ut
1578 4147 1649 4201 ad
1683 4154 1739 4199 te
1772 4143 1908 4197 nihil
1940 4142 2274 4216 pertinentes
2302 4137 2589 4203 neglexisti
2626 4139 2717 4195 ed.
