3003 5080
464 386 549 454 36
581 427 588 434 ·
1467 388 1678 448 Pastor.

469 561 620 624 citus
661 569 749 623 est
793 562 978 627 vohis.
1026 562 1117 626 sin
1161 572 1359 627 autem
1403 565 1496 626 his
1543 563 1758 626 auditis
1796 583 1918 625 non
1954 563 2187 643 egeritis
2218 560 2661 645 poenitentiam,

469 667 570 728 sed
623 667 818 728 adhuc
863 666 1191 730 adieceritis
1235 669 1444 731 delicta
1489 677 1705 745 vestra,
1750 687 1781 730 a
1812 667 2053 730 domino
2084 667 2324 729 adversa
2354 665 2664 745 recipietiS‚

469 770 616 832 haec
657 771 858 832 omnia
901 772 1202 853 praecepit
1245 773 1389 835 mihi
1435 773 1695 834 scribere
1737 781 1942 854 pastor
1981 770 2115 846 ille,
2159 769 2416 832 nuncius
2458 768 2670 850 poeni·

471 875 711 940 tentiae.
1184 880 1194 888 '

411 1084 454 1148 5
815 1115 821 1120 -
1273 1073 1772 1145 Mandatum
1821 1075 1890 1142 1.

685 1223 954 1285 Primum
999 1223 1267 1284 omnium
1314 1226 1523 1304 crede,
1567 1225 1704 1305 quia
1747 1242 1905 1285 unus
1950 1232 2038 1284 est
2081 1223 2257 1300 deuS‚
2324 1222 2425 1301 qui
2471 1221 2669 1284 omnia

473 1327 690 1388 creavit
747 1335 807 1389 et
860 1328 1292 1389 consummavit
1350 1339 1410 1391 et
1465 1349 1538 1390 ex
1599 1328 1781 1389 nihilo
1844 1326 2043 1387 omnia
2104 1325 2259 1387 fecit.
2318 1324 2441 1406 ipse
2485 1345 2671 1406 capax

472 1430 888 1491 universorum
947 1430 1114 1492 solus
1172 1431 1504 1493 immensus
1561 1441 1686 1507 est,
1757 1430 1858 1508 qui
1906 1449 2018 1490 nec
2060 1429 2241 1490 verbo
2288 1429 2515 1490 definiri
2558 1449 2672 1490 nec

475 1541 676 1594 mente
745 1533 980 1614 concipi
1033 1542 1251 1615 potest.
1326 1536 1501 1597 crede
1556 1534 1735 1615 igitur
1794 1533 1855 1593 in
1916 1551 2051 1593 eum
2108 1541 2165 1594 et
2225 1532 2364 1593 time
2420 1551 2557 1594 eum
2613 1542 2676 1594 et

375 1636 457 1700 10
473 1637 689 1699 timens
732 1635 885 1698 habe
928 1636 1367 1700 abstinentiam.
1412 1639 1559 1700 haec
1602 1637 1832 1708 custodi
1872 1645 1930 1698 et
1972 1637 2136 1698 abice
2180 1634 2285 1697 abs
2327 1644 2388 1697 te
2431 1655 2671 1698 omnem

475 1740 800 1821 nequitiam
858 1749 916 1802 et
973 1741 1154 1803 indue
1213 1742 1486 1803 virtutem
1550 1723 1807 1804 iustitiae
1865 1749 1921 1801 et
1966 1740 2123 1801 vives
2166 1739 2311 1814 deo,
2384 1740 2433 1800 si
2473 1750 2673 1801 custo-

475 1845 653 1907 dieris
697 1845 1042 1906 mandatum
1085 1846 1221 1907 hoc.

1252 2040 1750 2111 Mandatum
1794 2041 1906 2109 Π.

682 2166 839 2231 Dixit
881 2165 1055 2227 mihi:
1131 2165 1619 2245 „Simplicitatem
1664 2163 1815 2226 habe
1858 2172 1917 2226 et
1956 2163 2247 2226 innocens
2286 2173 2413 2226 esto
2458 2172 2516 2226 et
2558 2165 2676 2226 eris

379 2278 458 2342 15
477 2271 630 2334 sicut
685 2271 973 2346 infanteS,
1040 2269 1140 2348 qui
1198 2269 1474 2331 nesciunt
1528 2269 1845 2342 malitiam,
1912 2285 2062 2346 quae
2104 2268 2302 2348 perdit
2344 2265 2519 2330 vitam
2562 2270 2674 2331 ho-

319 2362 328 2369 ’
480 2375 729 2436 minum.
790 2373 1051 2454 primum
1113 2373 1185 2435 de
1225 2373 1391 2434 nullo
1435 2372 1589 2434 male
1631 2371 1891 2452 loquaris
1934 2389 2128 2451 neque
2173 2370 2426 2433 libenter
2469 2373 2675 2435 audias

478 2479 630 2540 male
674 2477 1041 2558 loquentem.
1087 2475 1136 2537 si
1179 2495 1321 2538 vero
1367 2487 1426 2537 et
1468 2484 1534 2537 tu
1579 2474 1863 2553 audieris,
1923 2477 2216 2558 particeps
2258 2475 2374 2538 eris
2418 2477 2675 2558 peccatis

478 2582 631 2643 male
678 2580 995 2661 loquentiS,
1039 2581 1289 2643 credens
1334 2590 1393 2643 et
1436 2590 1499 2643 tu
1546 2580 1788 2642 habebis
1831 2589 2162 2660 peccatum,
2206 2580 2340 2661 quia
2377 2580 2673 2643 credidisti

477 2677 629 2747 male
673 2684 942 2764 loquenti
988 2685 1060 2748 de
1102 2686 1286 2746 fratre
1326 2693 1450 2751 tuo.
1497 2684 1828 2766 perniciosa
1860 2692 1952 2746 est
1980 2684 2284 2762 detractio,
2326 2684 2672 2747 inconstans

472 2852 745 2923 pollicitus
778 2852 932 2910 vobis
966 2853 1034 2911 D.
1050 2852 1175 2910 Vat.
1213 2884 1282 2895 -
1333 2856 1382 2912 1.
1419 2852 1509 2908 his
1544 2870 1589 2909 c.
1609 2852 1674 2908 D.
1699 2855 1823 2911 vat.
1861 2852 1943 2908 ed.
1980 2867 2079 2924 pr„
2113 2852 2183 2907 iis
2200 2870 2248 2909 v.
2291 2882 2349 2892 -—
2388 2857 2437 2910 2.
2476 2852 2673 2911 delicta

473 2955 522 2998 c.
556 2938 622 2994 D.
655 2938 778 2995 Vat.
794 2980 809 3006 ‚
846 2938 920 2994 ad
955 2939 1155 2995 delicta
1189 2938 1273 2995 ed.
1306 2955 1388 3009 pr.
1423 2958 1474 2998 v.
1511 2972 1578 2983 —
1640 2943 1689 2995 3.
1725 2944 2004 3013 praecepit
2040 2942 2171 2998 mihi
2208 2940 2444 2997 scribere
2481 2958 2527 3000 c.
2548 2943 2672 2998 Vat.

475 3025 558 3095 ed.
594 3041 678 3095 pr.
711 3042 794 3093 v.‚
826 3026 1064 3082 scribere
1098 3025 1376 3096 praecepit
1409 3023 1541 3079 mihi
1577 3026 1641 3080 D.
1683 3058 1740 3067 -

613 3116 660 3168 5.
714 3111 810 3169 VI.
854 3110 922 3169 D.
970 3144 1038 3156 -
1109 3116 1157 3167 6.
1207 3110 1358 3183 quia·
1385 3127 1431 3167 c.
1465 3112 1531 3165 D.
1569 3111 1694 3168 Vat.
1731 3114 1815 3172 cd.
1854 3130 1965 3186 pr„
2022 3112 2165 3184 quod
2198 3131 2247 3170 v.
2289 3142 2349 3154 —
2389 3113 2483 3183 qui
2518 3130 2567 3173 c.
2600 3114 2670 3171 D.

475 3198 561 3256 ed.
596 3214 680 3271 pr.
713 3215 792 3266 v.‚
827 3214 930 3255 om.
968 3203 1088 3255 vat.
1126 3227 1191 3240 —
1263 3199 1312 3252 7.
1349 3212 1416 3253 ex
1451 3213 1496 3253 c.
1532 3198 1599 3256 D.
1638 3199 1721 3256 ed.
1756 3217 1834 3270 pr.
1872 3220 1952 3266 v.‚
1989 3204 2094 3259 om.
2129 3200 2253 3271 Vat.
2302 3231 2371 3241 -
2441 3203 2491 3258 8.
2530 3198 2671 3255 diffi-

355 3320 365 3329 ·
473 3285 580 3341 uiri
614 3283 685 3343 D.
745 3314 804 3326 -—
882 3288 962 3342 10.
1011 3287 1094 3343 11.
1155 3299 1367 3342 omnem
1414 3284 1711 3353 nequitiam
1744 3303 1790 3343 c.
1827 3287 1890 3342 B.
1923 3287 1988 3342 D.
2031 3284 2093 3339 L.
2132 3288 2255 3343 Vat.
2291 3286 2373 3342 ed.
2408 3302 2494 3357 pr.
2534 3286 2671 3353 Cot„

442 3371 688 3429 ‘omnem
736 3372 1223 3443 concupiscentiam
1269 3377 1327 3427 et
1367 3371 1668 3440 nequitiam
1719 3374 1804 3432 ed.
1840 3374 2004 3429 Oxou.
2038 3373 2227 3431 Dress.
2264 3407 2330 3418 —
2407 3376 2487 3430 11.
2523 3373 2669 3431 vives

475 3458 576 3516 deo
614 3476 660 3517 c.
695 3457 766 3517 D.
802 3458 888 3515 ed.
924 3474 1005 3529 pr.
1039 3476 1114 3527 v.‚
1150 3457 1298 3515 vives
1334 3473 1458 3515 cum
1494 3458 1597 3515 deo
1635 3464 1763 3518 vat.
1803 3490 1864 3501 —

613 3548 694 3603 13.
730 3546 851 3603 VH.
885 3543 954 3605 D.
993 3574 1058 3585 —
1103 3547 1184 3599 14.
1221 3550 1277 3600 et
1309 3545 1420 3601 eris
1454 3560 1499 3599 c.
1535 3545 1601 3600 D.
1639 3546 1725 3603 ed.
1761 3561 1845 3616 pr.
1880 3566 1958 3615 v..
1994 3547 2104 3604 eris
2143 3548 2267 3603 Vat.
2303 3576 2367 3587 -
2410 3549 2493 3602 15.
2528 3546 2670 3601 sicut

473 3630 710 3688 infantes
725 3674 740 3699 ,
803 3632 895 3704 qui
943 3631 1193 3688 nesciunt
1238 3631 1498 3688 malitiam
1548 3649 1596 3692 c.
1632 3632 1757 3692 Vat.
1791 3633 1926 3691 Mss.
1961 3634 2119 3703 Angl.
2137 3675 2151 3701 ‚
2204 3633 2385 3690 infans
2419 3633 2668 3689 nesciens

472 3719 757 3778 tristiciam
805 3720 892 3775 vel
937 3718 1209 3775 maliciam
1245 3717 1342 3786 Ι).,
1405 3719 1589 3776 infans
1636 3720 1729 3790 qui
1776 3721 1952 3777 nescit
1984 3719 2247 3777 malitiam
2283 3720 2367 3775 ed.
2398 3736 2478 3791 pr.
2512 3737 2563 3779 v.
2598 3748 2666 3759 -

471 3806 651 3877 perdit
697 3805 792 3875 (cf.
840 3810 940 3875 gr.)
987 3819 1036 3863 c.
1081 3805 1146 3861 D.
1163 3846 1176 3871 ‚
1229 3805 1465 3875 perdidit
1496 3806 1623 3862 Vat.
1661 3806 1746 3862 ed.
1782 3823 1865 3876 pr.
1900 3825 1951 3865 v.
1987 3837 2055 3847 -
2135 3809 2216 3863 17.
2263 3806 2310 3863 si
2344 3820 2391 3862 c.
2425 3805 2492 3862 D.
2528 3809 2665 3873 Vat.‚

474 3892 560 3947 sin
595 3891 680 3947 ed.
714 3907 795 3964 pr.
828 3908 878 3947 v.
914 3922 980 3933 —
1017 3897 1073 3949 et
1115 3896 1178 3948 tu
1212 3892 1453 3948 audieris
1467 3934 1482 3960 ‚
1515 3892 1787 3962 particeps
1824 3894 1931 3949 eris
1966 3910 2014 3952 c.
2053 3895 2175 3950 Vat.
2220 3893 2304 3948 ed.
2340 3908 2423 3961 pr.
2457 3911 2505 3950 v.
2522 3934 2535 3959 ,
2570 3900 2666 3947 au-

470 3978 664 4045 dieris,
720 3984 776 4033 et
808 3982 870 4033 tu
904 3977 1012 4033 eris
1045 3977 1317 4050 particeps
1350 3976 1420 4037 D.
1456 4010 1526 4021 -—
1584 3980 1819 4050 peccatis
1860 3995 1908 4039 c.
1943 3980 2011 4039 D.
2046 3981 2168 4037 Vat.
2205 3980 2288 4035 ed.
2323 3995 2423 4050 pr„
2459 3978 2667 4049 peccati

466 4070 517 4125 v.
563 4096 634 4107 --
706 4068 787 4121 18.
821 4064 1048 4122 credens
1084 4070 1140 4120 et
1169 4070 1232 4120 tu
1266 4064 1493 4123 habebis
1527 4070 1810 4135 peccatum
1844 4082 1888 4123 c.
1923 4067 1990 4122 D.
2023 4066 2147 4123 Vat.
2198 4066 2280 4122 ed.
2315 4082 2395 4136 pr.
2433 4068 2511 4135 (et
2546 4080 2661 4119 cre-

465 4153 628 4225 dens)
645 4197 658 4220 ‚
713 4158 771 4208 et
803 4151 1030 4210 credens
1062 4157 1125 4208 tu
1157 4166 1373 4224 quoque
1406 4158 1687 4224 peccatum
1721 4152 1949 4211 habebis
1982 4171 2030 4211 v.
2069 4182 2132 4197 -
2206 4154 2288 4210 1⁹.
2324 4152 2585 4210 detractio
2618 4168 2662 4209 c.

462 4240 532 4300 D.
567 4240 654 4297 ed.
689 4254 882 4310 pr.‘-v.,
918 4238 1210 4298 decertatio
1243 4243 1369 4297 Vat.
1413 4271 1483 4282 —

1093 4448 1157 4503 l
