3003 5080
598 376 732 454 '104
1456 376 1459 381 ’
1602 386 1811 442 Pastor.

606 562 709 623 das
768 559 929 621 velut
983 577 1016 619 a
1072 558 1230 621 tinea
1276 567 1473 621 tactae.
1534 578 1668 633 eoS.
1742 560 1841 640 qui
1885 558 2101 621 virides
2144 554 2549 631 tradiderunt,
2628 558 2799 621 iussit

605 682 878 725 seorsum
937 670 1127 735 stare,
1197 681 1299 723 eos
1357 681 1531 738 vero,
1602 664 1703 741 qui
1761 662 1952 724 aridas
1998 672 2055 723 et
2098 659 2361 741 putridas
2404 661 2798 735 tradiderunt,

609 786 745 829 cum
803 764 1094 846 primariis
1152 772 1308 826 stare
1351 764 1538 826 iussit.
1596 773 1993 846 porrexerunt
2036 763 2245 825 deinde
2289 761 2404 842 illi,
2478 763 2579 840 qui
2622 765 2799 824 semi-

609 868 802 931 aridas
858 867 1200 928 habuerunt
1257 877 1316 928 et
1371 868 1659 929 scissuras
1717 868 2023 929 habentes,
2099 864 2270 927 multi
2314 884 2385 925 ex
2424 866 2541 927 illis
2584 868 2799 928 virides

525 950 1002 1052 '‘5porrexerunt
1044 988 1157 1030 nec
1197 970 1481 1031 scissuras
1526 970 1845 1047 habentes3
1890 970 2131 1048 quidam
2174 986 2313 1029 vero
2354 967 2588 1044 virideS‚
2636 990 2800 1049 pam·-

607 1074 782 1153 pinos
826 1072 1111 1133 habentes
1155 1083 1213 1135 et
1251 1073 1313 1134 in
1357 1072 1650 1153 pampinis
1694 1074 1991 1153 fructum,
2062 1070 2217 1156 sicut
2260 1069 2375 1144 illi,
2420 1073 2521 1150 qui
2563 1074 2623 1133 in
2676 1084 2797 1135 tur-

605 1178 723 1237 rim
780 1176 978 1237 ierunt
1037 1176 1356 1244 coronati„
1401 1176 1496 1235 alii
1556 1181 1955 1255 porrexerunt
2010 1171 2200 1235 aridas
2242 1179 2302 1233 et
2344 1192 2465 1234 ιιοιι
2512 1176 2799 1257 putridae,

610 1278 849 1357 quidam
895 1296 1071 1357 vero,
1117 1278 1290 1339 sicuti
1336 1278 1618 1352 fuerunt,
1684 1277 2126 1340 semiaridas-ct
2167 1274 2449 1337 scissuras
2493 1280 2799 1342 hahentes,

607 1380 778 1442 iussit
832 1398 1321 1459 unumquemque
1380 1399 1588 1441 eorum
1646 1398 1913 1442 seorsum
1968 1386 2159 1452 stare,
2222 1377 2367 1438 alios
2407 1398 2518 1441 suo
2560 1400 2799 1462 quoque

509 1465 595 1549 10
615 1481 884 1562 agmine,
957 1483 1104 1543 alios
1162 1500 1456 1545 seorsum.
1548 1483 1803 1544 ⁶deinde
1860 1488 2256 1563 porrexerunt
2312 1480 2413 1559 qui
2461 1483 2802 1548 habuerunt

608 1586 824 1646 virides
867 1584 1102 1663 quidem
1145 1586 1368 1666 virgas,
1412 1586 1513 1646 sed
1560 1586 1841 1647 scissuras
1886 1583 2186 1645 habent-es·
2230 1583 2289 1644 hi
2332 1603 2541 1649 omnes
2583 1589 2797 1651 virides

607 1687 982 1750 tradiderunt
1044 1706 1276 1766 suoque
1333 1688 1567 1765 agmine
1612 1695 1924 1750 steterunt.
1968 1686 2249 1765 gaudium
2294 1706 2363 1747 ex
2407 1687 2497 1749 his
2536 1694 2799 1772 percepit

610 1790 707 1851 hic
762 1798 1000 1870 pastor,
1074 1793 1233 1869 quod
1296 1809 1507 1852 omnes
1562 1790 1771 1852 mutati
1827 1799 2024 1851 essent
2081 1796 2139 1850 et
2194 1789 2603 1868 deposuissent
2666 1816 2797 1857 suas

609 1894 916 1954 scissuras,
961 1894 1171 1956 deinde
1214 1902 1609 1975 porrexerunt
1654 1893 1755 1973 qui
1800 1892 2098 1953 dimidiam
2142 1890 2384 1952 viridem
2414 1903 2471 1955 et
2501 1896 2797 1958 dimidiam

511 1998 596 2063 15
613 1998 835 2058 aridam
872 1998 1232 2059 habuerunt.
1277 1996 1675 2089 quorumdam
1720 2013 1857 2055 vero
1902 1994 2173 2056 inventae
2211 2004 2352 2055 sunt
2381 2004 2537 2057 totae
2565 1999 2796 2074 viiideS,

609 2100 864 2190 ¹aliorum
908 2101 1286 2175 semiaridae‚
1351 2100 1602 2192 aliorum
1648 2097 1860 2157 virides
1906 2106 1965 2159 et
2008 2097 2320 2177 pampinos
2365 2098 2685 2164 habebant.
2742 2104 2795 2164 hi

613 2222 823 2263 omnes
867 2203 1090 2265 dimissi
1131 2212 1274 2265 sunt
1317 2203 1567 2281 quisque
1606 2200 1669 2262 in
1710 2219 1887 2261 suum
1916 2219 2147 2279 agmen.
2170 2201 2560 2265 tradiderunt
2588 2205 2796 2269 deinde

613 2306 719 2385 qui
761 2306 1100 2368 habuerunt
1143 2308 1290 2368 duas
1333 2316 1531 2386 partes
1573 2304 1869 2383 virgarum
1898 2320 2140 2363 suarum
2170 2303 2404 2378 virides,
2448 2306 2795 2390 tertiamque

752 2474 802 2527 2.
850 2487 946 2527 eos
991 2488 1036 2529 c.
1070 2473 1139 2531 D.
1181 2474 1334 2536 vat..
1385 2472 1512 2529 illos.
1562 2472 1647 2529 ed.
1682 2486 1763 2539 pr.
1793 2489 1841 2525 v.
1888 2499 1957 2511 —
2028 2470 2077 2522 3.
2114 2484 2237 2523 cum
2268 2472 2539 2547 primariis
2575 2488 2727 2539 stare
2756 2501 2795 2540 c,

602 2559 674 2622 B.
689 2601 703 2624 ,
739 2576 862 2616 cum
892 2558 1166 2630 primariis
1198 2559 1414 2613 tradere
1447 2557 1528 2623 L..
1586 2573 1707 2614 cum
1740 2555 1986 2626 primatis
2021 2555 2238 2611 tradere
2276 2561 2419 2626 vat..
2448 2579 2571 2618 cum
2602 2569 2797 2637 prima-

609 2652 703 2702 tus
747 2646 963 2701 tradere
1009 2645 1076 2710 D.
1092 2685 1108 2711 ,
1165 2660 1288 2699 cum
1333 2644 1522 2712 primis
1568 2651 1714 2698 stare
1750 2642 1835 2697 ed.
1871 2657 1953 2710 pr.
1985 2659 2036 2698 v.
2073 2671 2137 2681 -
2187 2643 2269 2696 illi
2305 2662 2349 2709 c.
2383 2648 2451 2702 D.
2487 2652 2573 2709 ed.
2614 2670 2700 2721 pr.
2734 2673 2794 2720 ι,

602 2743 722 2790 om.
756 2733 879 2787 Vat.
911 2763 981 2773 —-
1049 2735 1101 2786 4.
1134 2731 1442 2786 habuerunt
1475 2747 1521 2786 e.
1555 2731 1619 2785 D.
1662 2731 1813 2794 Vat..
1861 2728 2166 2792 habuerant
2198 2729 2285 2787 ed.
2318 2747 2397 2798 pr
2432 2753 2480 2791 v
2524 2769 2595 2778 ..
2668 2743 2714 2797 6
2746 2743 2798 2794 in

607 2817 881 2888 pampinis
927 2833 974 2874 c.
1007 2817 1076 2872 D.
1123 2817 1208 2872 ed.
1255 2832 1338 2883 pr.
1375 2833 1423 2872 v.
1413 2857 1454 2880 .,
1506 2814 1743 2884 pampini
1783 2816 1895 2868 Vat
1944 2841 2011 2852 --
2082 2814 2130 2868 7
2163 2809 2344 2869 ierul'lt
2376 2835 2421 2874 c.
2458 2822 2523 2878 D.
2562 2827 2690 2882 Vat-
2722 2827 2798 2882 ed.

603 2921 713 2978 Cpr„
745 2903 961 2958 iverunt
991 2921 1043 2959 v.
1079 2931 1150 2942 ——
1199 2903 1247 2956 8.
1283 2901 1442 2956 sicuti
1477 2901 1699 2977 fuerunt
1732 2917 1775 2955 c.
1810 2900 1877 2954 D.
1910 2899 2051 2961 Vat..
2088 2897 2229 2953 sicut
2261 2890 2481 2983 fuerant
2512 2910 2600 2964 ed.
2636 2929 2719 2981 pr.
2755 2931 2795 2966 v.

611 3016 678 3030 ·-
751 2991 922 3046 9.10.
967 3003 1064 3044 suo
1111 3003 1324 3057 quoque
1365 2986 1580 3056 agmine
1626 3003 1671 3041 c.
1718 2985 1785 3040 D.
1818 2985 1943 3040 Vat.
1991 2984 2231 3053 (quoque
2275 2993 2401 3059 suo)
2448 2993 2581 3051 Mss.
2630 2999 2783 3066 Angl.
2772 3037 2799 3062 ,

603 3057 826 3143 *quoque
863 3089 962 3130 suo
999 3073 1187 3130 ordine
1223 3073 1305 3128 ed.
1339 3088 1460 3141 pr.,
1510 3087 1609 3127 suo
1643 3087 1908 3140 quemque
1940 3059 2128 3127 ordine
2160 3091 2211 3128 v.
2244 3105 2313 3118 -—
2350 3082 2466 3140 ,10.
2498 3081 2798 3138 habuerunt

598 3175 657 3214 c.
691 3160 788 3226 D..
842 3159 1115 3215 habebant
1145 3161 1308 3223 Vat.,
1366 3159 1671 3213 habuerant
1718 3157 1800 3210 ed.
1849 3173 1929 3226 pr.
1963 3175 2013 3212 v.
2060 3189 2129 3198 —-
2204 3163 2285 3218 11.
2320 3163 2497 3240 virgas
2532 3179 2578 3241 c.
2612 3167 2685 3226 D.
2718 3167 2794 3222 ed.

607 3259 694 3314 pr.
729 3264 808 3310 v,
861 3247 1065 3315 absque
1109 3244 1288 3312 virgas
1323 3245 1448 3299 Vat.
1504 3272 1573 3284 —-
1662 3245 1743 3300 12.
1776 3241 1988 3314 agmine
2023 3257 2069 3298 c.
2106 3244 2163 3299 O.
2196 3245 2261 3300 D.
2299 3247 2421 3306 Vat.
2452 3233 2587 3304 Mss.
2615 3255 2795 3323 Augl.¹

611 3329 800 3386 ordine
837 3329 920 3386 ed.
955 3348 1034 3399 pr.
1068 3348 1119 3388 v.
1155 3359 1224 3371 --
1255 3330 1517 3400 gaudium
1550 3346 1595 3384 c.
1631 3327 1698 3382 D.
1734 3327 1877 3394 Vat.‚
1907 3327 2164 3396 gaudium
2198 3337 2375 3387 autem
2414 3335 2499 3393 ed.
2535 3354 2621 3406 pr.
2654 3358 2705 3397 v.
2732 3369 2794 3380 -

612 3417 696 3469 13.
731 3415 820 3468 hic
854 3423 1043 3482 pastor
1075 3433 1118 3472 c.
1153 3416 1274 3470 Vat
1312 3416 1396 3471 ed.
1431 3432 1513 3484 pr.
1550 3433 1614 3478 v.,
1649 3419 1837 3482 pastor
1869 3413 1957 3494 bic
1990 3412 2057 3468 D.
2096 3444 2161 3454 -—
2194 3419 2387 3472 mutati
2420 3437 2464 3496 c.
2503 3427 2563 3478 D.
2597 3423 2661 3480 1..
2686 3427 2793 3479 Vat.

599 3499 777 3566 ,Vict.‚
836 3499 1076 3556 imitatae
1112 3502 1196 3559 ed.
1234 3517 1332 3571 pr„
1367 3500 1569 3569 politae
1604 3517 1654 3553 v.
1690 3527 1760 3539 —
1814 3485 2181 3555 13.14.suas
2219 3503 2483 3560 scissuras
2520 3525 2565 3564 c.
2587 3509 2653 3566 D.
2684 3513 2791 3564 vat.

611 3584 694 3638 ed.
725 3602 824 3654 pr..
861 3587 1128 3643 scissuras
1163 3603 1292 3642 suas
1325 3605 1378 3644 v.
1411 3617 1475 3627 -
1551 3589 1632 3640 15.
1668 3584 1975 3638 habuerunt
2008 3601 2054 3641 c.
2082 3586 2149 3639 D.
2193 3589 2337 3653 vat..
2374 3590 2679 3668 habuerant
2716 3594 2792 3649 ed.

600 3687 689 3738 pr.
723 3689 773 3727 v.
813 3701 874 3710 -
915 3687 1042 3727 vero
1081 3667 1219 3741 (οὖν)
1255 3689 1300 3728 c.
1336 3673 1422 3730 ed.
1458 3689 1540 3742 pr.
1580 3689 1645 3735 v.‚
1682 3687 1783 3750 οιιι.
1820 3670 1884 3722 D.
1918 3668 2039 3724 Vat
2086 3678 2325 3726 -totae
2359 3659 2569 3731 virides
2594 3697 2639 3742 c.
2683 3681 2789 3734 Vat.

609 3756 694 3810 ed.
729 3772 808 3824 pr
854 3774 932 3820 v..
978 3757 1178 3812 virides
1225 3763 1393 3814 totae
1403 3757 1470 3814 D.
1532 3789 1601 3800 —-
1674 3742 1753 3810 16
1804 3755 2075 3812 habebant
2108 3772 2155 3810 c.
2191 3743 2257 3813 D.
2298 3759 2416 3814 Vat.
2452 3762 2585 3820 MsS.
2626 3766 2789 3832 Angl„

605 3843 870 3899 habentes
921 3843 1002 3900 ed.
1045 3847 1126 3913 pr.
1171 3861 1219 3898 v.
1277 3873 1332 3882 --
1413 3846 1494 3898 17.
1538 3842 1765 3912 quisque
1800 3839 1859 3896 in
1892 3856 2050 3895 suum
2083 3859 2275 3911 agmen
2310 3849 2541 3912 (ἕκαστος
2578 3853 2703 3922 πρὸς
2735 3851 2787 3901 τὸ

607 3931 788 4000 τάγμα
815 3929 1004 3998 αὐτοῦ)
1039 3929 1266 3994 emend..
1301 3944 1543 4000 quoque
1548 3929 1606 3981 in
1642 3942 1799 3981 suum
1832 3943 2025 3994 agmen
2066 3933 2142 3992 D.,
2172 3929 2230 3984 in
2265 3946 2421 4007 suum
2457 3949 2671 4010 quoque
2706 3950 2786 4001 ag·

607 4031 732 4070 men
767 4017 908 4080 vat..
951 4016 1320 4085 unusquisque
1359 4015 1417 4070 in
1463 4029 1561 4068 suo
1608 4001 1793 4067 ordine
1831 4018 2097 4067 steterunt
2135 4014 2243 4070 ed.
2251 4030 2363 4084 pr..
2404 4021 2787 4094 unusquisque

604 4100 664 4156 in
712 4116 870 4157 suum
905 4101 1146 4157 ordinem
1178 4119 1225 4156 v.
1262 4131 1328 4141 -
1380 4099 1721 4155 tradiderunt
1754 4116 1802 4156 c.
1838 4099 1902 4152 D.
1940 4098 2063 4155 Vat.
2098 4100 2313 4166 Dress„
2366 4118 2465 4156 om.
2511 4105 2596 4162 ed.
2632 4122 2712 4174 pr.
2744 4121 2787 4161 v.

605 4213 672 4230 ·-—·
749 4191 826 4242 18.
863 4187 1167 4244 habuerunt
1200 4202 1244 4242 c.
1281 4185 1346 4240 D.
1387 4191 1500 4241 Nat.
1542 4187 1757 4250 Dress.,
1791 4169 2093 4240 habuerant
2126 4186 2213 4244 ed.
2246 4202 2327 4256 pr.
2366 4206 2413 4243 v.
2450 4217 2516 4230 --
2608 4175 2611 4178 ⁴
2660 4175 2665 4181 ’
