3003 5080
1185 445 1298 502 Vis.
1335 445 1426 513 IV,
1467 450 1517 501 1.
1929 480 1934 488 =
2370 447 2447 513 31

267 629 363 680 me
421 635 562 699 ergo
622 621 789 700 coepi
848 619 1106 700 cogitare
1150 630 1208 682 et
1251 621 1478 682 dicere:
1550 615 1716 697 „Ego
1762 617 1901 698 quid
1932 617 2121 679 habeo
2162 619 2455 704 dubitare,

267 723 354 782 sie
399 721 680 782 fundatus
719 741 752 783 a
797 722 1061 796 domino,
1107 731 1166 784 et
1208 723 1309 802 qui
1353 723 1465 783 vidi
1495 721 1852 783 honorificas
1879 719 2063 782 res“?
2102 739 2453 801 progressus

266 843 398 885 sum
440 821 788 904 paululum,
834 824 1074 900 fratres,
1119 834 1179 886 et
1221 843 1358 887 eece
1401 826 1571 886 video
1616 823 1920 904 pulverem
1965 841 2152 902 usque
2197 825 2269 884 ad
2316 839 2453 884 coe-

267 926 414 990 lum.
475 927 644 1007 coepi
701 911 896 987 disere
951 925 1106 988 intra
1165 947 1291 990 me:
1370 926 1713 1006 „Numquid
1770 927 2034 989 iumenta
2094 926 2341 987 veniunt
2396 935 2454 987 et

265 1029 572 1108 pulverem
631 1025 977 1090 excitant“?
1048 1030 1134 1090 sio
1189 1038 1315 1091 erat
1357 1040 1556 1091 autem
1604 1040 1904 1108 tamquam
1948 1029 2219 1090 stadium.
2268 1029 2453 1107 magis
2512 1031 2555 1093 5

267 1130 574 1210 magisque
617 1131 783 1192 video
825 1132 1131 1211 pulverem
1175 1144 1598 1215 exurgentem,
1652 1132 1799 1193 adeo
1849 1139 1913 1192 ut
1951 1131 2281 1210 suspicarer
2327 1149 2455 1192 esse

264 1232 486 1312 aliquid
531 1232 828 1296 divinitus.
867 1234 1148 1314 pusillum
1193 1236 1559 1316 resplenduit
1600 1235 1711 1308 sol,
1756 1244 1814 1296 et
1846 1247 1983 1294 ecce
2009 1233 2178 1294 video
2214 1235 2453 1294 bestiam

267 1351 546 1415 magnam
591 1335 772 1422 veluti
815 1345 1042 1418 cetum,
1087 1348 1145 1400 et
1187 1356 1258 1399 ex
1304 1353 1408 1399 ore
1449 1339 1577 1400 eius
1618 1337 1881 1399 locustae
1924 1336 2131 1415 igneae
2171 1335 2455 1416 procede-

265 1437 431 1498 bant.
476 1447 603 1499 erat
643 1448 842 1499 autem
882 1447 1104 1500 statura
1146 1439 1366 1501 bestiae
1405 1439 1565 1502 illius
1606 1441 1729 1501 fere
1771 1441 1952 1520 pedes
1980 1448 2241 1500 centum.
2280 1445 2458 1518 caput

267 1539 506 1619 quidem
549 1539 802 1601 habebat
844 1549 1146 1620 tamquam
1192 1543 1482 1608 urnalem.
1537 1541 1705 1622 coepi
1747 1542 1889 1602 flere
1930 1549 1989 1601 et
2030 1540 2306 1602 invocare
2348 1541 2455 1600 do·
2480 1539 2556 1603 10

265 1642 521 1717 minum,
568 1651 635 1704 ut
679 1661 774 1703 me
818 1642 1098 1705 liberaret
1137 1645 1210 1706 ab
1253 1645 1369 1707 illa.
1417 1645 1629 1706 deinde
1675 1653 2104 1705 rememoratus
2146 1661 2276 1704 sum
2326 1659 2456 1703 ver-

265 1743 451 1818 bum,
523 1741 684 1823 quod
738 1745 1072 1806 audieram:
1136 1747 1264 1821 „Ne
1319 1747 1577 1822 dubiteS‚
1650 1747 1931 1809 Herma“.
2004 1745 2247 1806 indutus
2292 1763 2456 1823 ergo,

264 1847 514 1920 fratreS‚
585 1847 763 1908 fldem
839 1848 932 1910 dei
1005 1857 1064 1910 et
1122 1859 1485 1912 memoratus
1543 1869 1695 1930 quae
1754 1848 1955 1910 docuit
2010 1867 2105 1909 me
2163 1848 2458 1926 magnalia

270 1951 564 2011 audenter
617 1950 680 2011 in
733 1949 979 2012 bestiam
1024 1969 1121 2012 me
1164 1952 1388 2014 tradidi.
1435 1953 1521 2014 sie
1558 1961 1754 2014 autem
1797 1949 2068 2012 veniebat
2110 1949 2207 2010 illa
2254 1950 2455 2022 bestia,

268 2051 346 2114 ita
392 2062 462 2113 ut
503 2061 704 2132 posset
745 2053 808 2114 in
849 2053 971 2115 ictu
1013 2054 1302 2117 civitatem
1348 2055 1565 2118 delere.
1610 2054 1744 2116 veni
1789 2071 1975 2134 prope
2013 2053 2206 2136 illam,
2253 2063 2311 2114 et
2336 2062 2451 2114 tam
2477 2055 2557 2120 15

270 2155 512 2232 grandis
554 2155 739 2217 bestia
783 2156 1044 2218 extendit
1085 2176 1149 2218 se
1193 2157 1255 2217 in
1302 2165 1522 2220 terram
1566 2165 1627 2218 et
1670 2155 1813 2217 nihil
1858 2153 1969 2215 nisi
2013 2154 2274 2234 linguam
2319 2173 2459 2234 pro-

269 2256 497 2319 ferebat
537 2267 598 2320 et
637 2257 700 2318 in
743 2267 938 2320 totum
979 2279 1102 2320 non
1148 2260 1332 2322 movit
1367 2280 1452 2342 se,
1499 2261 1692 2323 donee
1716 2257 2029 2320 transirem
2059 2257 2217 2318 illam
2250 2269 2455 2319 totam.

267 2358 523 2421 habebat
564 2367 762 2421 autem
805 2361 903 2423 illa
945 2362 1129 2424 bestia
1173 2382 1355 2443 super
1385 2372 1566 2443 eaput
1597 2360 1829 2423 colores
1859 2370 2148 2440 quatuor:
2197 2360 2457 2440 nigrum,

267 2461 482 2524 deinde
511 2462 765 2524 rubeum
795 2473 850 2526 et
872 2465 1418 2548 sanguinolentum,
1456 2463 1668 2528 deinde
1692 2481 1961 2539 aureum,
1991 2461 2202 2524 deinde
2232 2463 2455 2524 album.

407 2668 454 2718 5.
505 2664 583 2719 sic
643 2670 762 2721 erat
820 2671 1003 2722 autem
1060 2682 1106 2723 c.
1155 2667 1220 2721 D.
1272 2668 1425 2733 Vat„
1483 2668 1721 2723 distabat
1780 2673 1963 2722 autem
2020 2681 2057 2721 a.
2111 2678 2197 2717 me
2244 2662 2329 2717 ed.
2375 2678 2454 2729 pr.

265 2768 312 2805 v·
353 2780 420 2794 -
493 2756 543 2812 5.
577 2753 629 2806 ὃ.
674 2750 846 2819 magis
890 2752 1169 2822 magisque
1208 2754 1364 2811 video
1409 2771 1459 2811 c.
1495 2755 1563 2808 D.
1600 2756 1727 2809 vat.
1747 2794 1761 2819 ,
1814 2759 1871 2807 et
1917 2765 2043 2807 ecce
2094 2750 2250 2803 video
2284 2748 2457 2815 magis

265 2838 546 2905 magisque
583 2836 665 2891 ed.
687 2850 832 2905 μιν.
866 2867 934 2877 -
994 2842 1042 2893 6.
1061 2842 1107 2894 7.
1151 2854 1272 2895 esse
1308 2840 1514 2909 aliquid
1549 2839 1802 2894 divinitus
1836 2839 2006 2907 (εἷναί
2034 2860 2085 2890 τι
2114 2836 2289 2903 θεῖον)
2305 2850 2349 2889 e.
2370 2833 2453 2888 ed.

264 2938 341 2989 pr.
360 2939 410 2976 v.
450 2922 682 2990 (aliquid
715 2923 881 2990 esse),
915 2938 1038 2979 esse
1072 2924 1174 2981 hoc
1207 2926 1412 2995 aliquid
1429 2926 1532 2981 div.
1552 2926 1629 2990 B.‚
1665 2923 1871 2993 aliquid
1888 2922 2143 2978 divinitus
2161 2922 2221 2973 D.
2244 2920 2365 2974 Vat.
2388 2910 2452 2959 -'-

267 3011 312 3059 7.
349 3006 606 3077 pusillum
641 3008 872 3078 (μικρὸν)
907 3013 1031 3065 (3.1).
1055 3014 1198 3075 vat„
1231 3012 1488 3080 pusillum
1522 3016 1705 3068 autem
1738 3009 1826 3067 ed.
1846 3022 1927 3077 pr.
1946 3026 1993 3064 v.
2027 3036 2096 3049 -—
2130 3006 2287 3063 video
2303 3020 2351 3058 c.
2373 3010 2453 3071 D.,

262 3094 384 3158 (ubi
419 3092 542 3148 add.
577 3094 879 3162 pulverem,
917 3094 1016 3149 sed
1049 3095 1283 3151 deletum
1318 3102 1420 3162 est)
1463 3099 1584 3152 vat.
1622 3096 1707 3151 ed.
1743 3111 1825 3164 pr.
1860 3110 1911 3149 v.
1929 3134 1943 3157 ‚
1976 3092 2132 3149 video
2166 3092 2270 3147 hoe
2303 3090 2363 3145 B.
2386 3120 2453 3132 -

263 3180 311 3232 8.
359 3185 416 3233 et
463 3194 529 3232 ex
564 3193 608 3233 c.
647 3183 764 3233 Vat.
802 3178 884 3232 ed.
919 3195 998 3247 pr.
1032 3197 1110 3247 v.,
1169 3188 1226 3238 et
1257 3198 1384 3239 ecee
1421 3198 1487 3237 ex
1521 3187 1584 3237 D.
1618 3210 1684 3223 --
1741 3181 1859 3235 eius
1894 3196 1943 3235 c.
1983 3181 2107 3235 Vat.
2144 3178 2226 3233 ed.
2262 3194 2343 3247 pr.
2384 3194 2450 3239 v.,

261 3264 410 3319 illius
445 3268 506 3317 D.
542 3296 610 3306 -
645 3264 888 3320 locustae
924 3282 972 3324 o.
1009 3269 1131 3322 vat.
1166 3269 1250 3323 ed.
1287 3284 1366 3338 pr.
1406 3286 1480 3334 ι,
1526 3269 1705 3324 locuto
1738 3270 1797 3320 D.
1834 3296 1902 3308 -
1972 3267 2019 3319 9.
2054 3265 2171 3319 fere
2204 3264 2372 3331 pedes
2406 3277 2452 3317 c.

261 3352 324 3409 D.
368 3352 486 3405 vat.
526 3350 606 3405 ed.
641 3366 754 3419 pr.,
809 3351 976 3420 pedes
1021 3352 1136 3407 fere
1168 3370 1220 3412 v.
1262 3382 1321 3396 -·-
1398 3357 1476 3408 10.
1515 3353 1728 3422 quidem
1764 3365 1813 3408 e.
1849 3355 1909 3404 D.
1945 3350 2097 3413 Vat.‚
2152 3356 2332 3403 autem
2366 3346 2452 3402 ed.

259 3450 337 3504 pr.
376 3453 424 3490 v.
466 3462 528 3475 -—
563 3438 808 3492 urnalem
838 3452 886 3490 ο.
925 3440 988 3491 D.
1022 3438 1145 3494 Vat.
1181 3439 1317 3495 Vict.
1353 3439 1572 3508 (urnale
1583 3439 1635 3506 ⁶2)
1653 3477 1667 3502 ,
1700 3452 1797 3493 vas
1830 3438 2021 3491 urnale
2057 3434 2144 3490 ed.
2180 3446 2258 3502 pr.
2295 3449 2345 3489 v.
2384 3460 2451 3473 ‹-

263 3525 345 3578 11.
391 3525 471 3575 12.
507 3529 896 3602 rememoratus
935 3539 1055 3578 sum
1087 3525 1308 3579 verbum
1342 3540 1390 3581 e.
1415 3528 1476 3579 D.
1498 3524 1640 3587 Vat„
1673 3522 1989 3578 recordatus
2026 3535 2142 3575 sum
2175 3518 2325 3574 verbi
2368 3518 2451 3573 ed.

258 3622 338 3677 pr.
375 3624 428 3665 v.
464 3636 528 3649 -
604 3609 686 3661 13.
726 3624 868 3677 quae
899 3626 943 3665 c.
981 3612 1040 3663 D.
1081 3610 1142 3663 L.
1170 3610 1291 3667 Vat.
1328 3610 1410 3665 ed.
1446 3624 1528 3677 pr.
1564 3611 1777 3675 Dress.‚
1826 3607 1948 3676 quis
1984 3605 2101 3663 Cot.
2136 3632 2205 3643 ——
2276 3607 2355 3657 14.
2391 3604 2450 3659 in

259 3693 491 3748 bestiam
535 3706 622 3746 me
671 3693 772 3762 (εἰς
817 3698 880 3748 τὸ
925 3703 1110 3766 θηρίον
1157 3698 1412 3766 ἐμαυτὸν)
1460 3708 1507 3749 G.
1555 3694 1637 3749 ed.
1673 3708 1753 3763 pr.
1787 3710 1865 3757 V„
1913 3692 1971 3747 in
2005 3702 2091 3744 me
2124 3687 2354 3744 bestiam
2388 3693 2448 3745 D.

259 3776 386 3835 Vat.
421 3808 491 3819 ——
535 3780 632 3835 illa
675 3780 852 3836 bestia
895 3797 940 3836 c.
982 3785 1041 3836 D.
1077 3780 1234 3847 Vnt„
1294 3780 1471 3838 bestia.
1514 3780 1611 3837 illa
1658 3780 1745 3836 ed.
1791 3792 1869 3847 pr.
1917 3796 1962 3833 v.
2009 3806 2078 3817 --
2151 3779 2232 3831 15.
2264 3784 2451 3845 posset

259 3880 306 3919 e.
358 3867 423 3921 D.
471 3865 555 3919 ed.
603 3880 684 3933 pr.
727 3883 804 3931 v.‚
865 3866 1039 3935 possit
1084 3866 1207 3921 Vat.
1241 3896 1310 3907 -
1380 3868 1460 3921 1⁷.
1506 3865 1565 3920 in
1603 3870 1777 3922 totum
1808 3864 1981 3929 (ὅλως)
2017 3878 2063 3917 ο.
2095 3862 2217 3917 Vnt.
2255 3881 2334 3926 ι,
2391 3862 2448 3915 in

257 3954 469 4004 tantum
504 3948 564 4005 D.
598 3950 680 4005 ed.
715 3963 801 4018 pr.
834 3980 904 3991 -—·
938 3950 1224 4007 transirem
1259 3970 1306 4010 c.
1340 3952 1402 4008 B.
1441 3956 1497 4006 D.
1528 3952 1591 4007 1..
1627 3952 1768 4017 Vnt,
1798 3947 2214 4019 pertransissem
2248 3947 2332 4003 ed.
2367 3964 2447 4017 pr.

256 4051 302 4089 v.
340 4060 409 4074 -
483 4038 561 4089 18.
596 4033 692 4089 illa
725 4035 901 4092 bestia.
936 4054 982 4093 c.
1021 4040 1082 4091 D.
1120 4038 1266 4105 vat„
1302 4038 1479 4094 bestia
1511 4038 1608 4093 illa
1646 4036 1730 4090 ed.
1766 4050 1847 4104 pr.
1883 4051 1931 4088 v.
1964 4062 2036 4075 -·
2107 4037 2187 4090 19.
2220 4036 2448 4089 rubeum

259 4136 303 4174 e.
340 4120 465 4175 Vat.
521 4120 607 4177 ed.
643 4136 723 4188 pr.
761 4138 842 4186 ι,
899 4124 1120 4179 rubrum
1157 4126 1216 4181 D.
1251 4154 1319 4165 --
1375 4123 1569 4178 deinde
1616 4136 1835 4178 aureum
1878 4134 1927 4180 e.
1966 4124 2029 4178 D.
2064 4120 2189 4176 Vat-
2224 4120 2305 4175 ed.
2342 4132 2445 4188 pr„

257 4206 380 4259 inde
416 4222 640 4261 aureum
673 4225 722 4262 v.
762 4234 828 4248 -·-
