3003 5080
1163 379 1279 436 Vis.
1313 335 1407 438 nt,
1441 381 1490 434 8.
1526 381 1573 431 9.
2385 379 2467 443 25

280 550 532 612 sufficiet
570 552 675 617 tibi
721 560 780 613 et
823 552 1099 612 omnibus
1139 553 1360 613 sanctis
1403 550 1887 612 commemoratio
1931 551 2038 611 ista
2080 558 2138 610 et
2165 553 2467 612 renovatio

280 652 596 731 spirituum
649 665 1000 720 vestrorum.
1046 656 1147 716 sed
1195 675 1318 716 non
1361 654 1467 714 tibi
1510 656 1655 715 haec
1698 653 1809 714 soli
1853 653 2102 714 revelata
2150 663 2317 733 sunt,
2364 655 2468 715 sed

283 763 348 814 ut
404 756 684 817 omnibus
744 759 1180 820 demonstrares
1223 778 1310 819 ea.
1355 765 1491 837 post
1533 756 1795 819 triduum
1842 755 1999 816 enim
2040 756 2368 836 intelligere
2410 765 2467 818 te

281 865 550 938 oportet,
623 860 872 942 Herma,
950 862 1127 922 verba
1169 861 1351 934 haec,
1394 878 1544 939 quae
1586 857 1689 920 tibi
1730 857 1947 938 incipio
1995 858 2223 934 dicere,
2271 868 2337 920 ut
2378 859 2467 919 lo-

284 959 484 1035 quaris
526 981 595 1022 ea
641 964 838 1024 omnia
883 965 944 1025 in
989 964 1232 1026 auribus
1275 970 1654 1032 sanctorum,
1725 971 1791 1022 ut
1831 961 2136 1022 audientes
2180 979 2282 1043 ea,
2329 981 2467 1022 cum
2530 958 2570 1020 5

279 1062 561 1144 fecerint,
639 1067 1041 1128 emundentur
1100 1086 1132 1125 a
1189 1064 1466 1143 nequitiis
1524 1063 1684 1138 suiS,
1756 1064 1860 1124 sed
1916 1072 1976 1124 et
2029 1072 2096 1125 tu
2154 1083 2290 1124 cum
2334 1063 2467 1124 illis.

284 1164 528 1226 ⁹audite
572 1186 701 1241 me,
744 1168 881 1242 filii,
927 1187 1036 1247 ego
1081 1187 1184 1228 vos
1231 1167 1487 1228 enutrivi
1531 1166 1591 1227 in
1638 1164 1822 1226 multa
1863 1165 2231 1245 simplicitate
2275 1176 2335 1229 et
2376 1167 2469 1227 in-

283 1269 559 1329 nocentia
617 1279 677 1330 et
734 1270 1018 1331 modestia
1076 1279 1321 1350 propter
1374 1268 1838 1330 misericordiam
1900 1267 2021 1341 dei,
2097 1288 2246 1348 quae
2290 1287 2469 1348 super

281 1389 389 1430 vos
457 1372 692 1433 stillavit
757 1373 820 1433 in
879 1373 1129 1447 iustitia,
1201 1383 1268 1433 ut
1325 1371 1771 1432 sanctificemini
1830 1378 1888 1432 et
1940 1369 2336 1432 iustificemini
2392 1371 2467 1431 ab

286 1473 455 1534 omni
497 1475 756 1554 nequitia
802 1486 860 1537 et
903 1476 1067 1537 omni
1111 1475 1415 1556 pravitate.
1459 1493 1565 1535 vos
1608 1481 1803 1534 autem
1850 1492 1972 1534 non
2020 1473 2193 1534 vultis
2237 1469 2570 1550 requie-10

283 1594 449 1636 scere
494 1595 524 1637 a
572 1577 848 1654 nequitiis
886 1578 1109 1639 vestris.
1156 1597 1320 1638 nunc
1364 1594 1508 1655 ergo
1550 1577 1746 1638 audite
1793 1594 1885 1637 me
1931 1585 1989 1636 et
2032 1594 2237 1656 pacem
2260 1575 2471 1645 habete

284 1677 434 1738 alius
489 1679 552 1739 in
610 1680 724 1741 alio
783 1689 842 1740 et
883 1679 1107 1740 visitate
1151 1698 1254 1740 vos
1297 1679 1646 1740 alterutrum
1694 1689 1751 1740 et
1795 1678 2074 1758 suscipite
2116 1678 2368 1740 invicem
2414 1688 2472 1740 et

285 1781 470 1842 nolite
515 1784 625 1843 soli
669 1791 969 1843 creaturas
1012 1782 1104 1843 dei
1147 1781 1468 1862 percipere.
1531 1781 1929 1842 abundantius
1974 1780 2147 1842 etiam
2176 1781 2470 1861 impertite

287 1883 618 1960 egentibuS.
696 1883 935 1963 quidam
992 1883 1150 1945 enim
1209 1885 1615 1964 compluribus
1674 1885 1816 1945 cibis
1872 1884 2274 1945 infirmitatem
2337 1903 2466 1945 car-

287 1985 380 2045 nis
436 2005 576 2048 suae
633 1995 975 2060 assumunt,
1050 1989 1155 2048 sed
1211 1997 1268 2048 et
1329 1987 1667 2048 conviolant
1712 2005 1953 2048 carnem
1984 2006 2171 2048 suam.
2217 1987 2467 2049 aliorum
2496 1985 2571 2049 15

287 2096 520 2167 autem,
567 2088 667 2167 qui
711 2107 835 2149 non
880 2089 1100 2151 habent
1141 2109 1322 2170 escaS,
1367 2091 1678 2151 marcescit
1718 2109 1854 2151 caro
1897 2090 2184 2170 ipsorum,
2228 2099 2471 2170 propter

290 2190 454 2267 quod
512 2209 636 2251 non
694 2190 916 2252 habent
972 2193 1360 2254 sufficientem
1423 2192 1659 2266 cibum,
1726 2201 1784 2253 et
1838 2193 2210 2253 consumitur
2254 2212 2470 2274 corpus

286 2309 516 2352 eorum.
578 2294 722 2353 haec
778 2293 958 2373 igitur
1011 2295 1462 2375 intemperantia
1521 2314 1712 2356 nocua
1773 2303 1862 2354 est
1910 2295 2076 2356 vobis
2118 2295 2471 2357 habentibus

287 2400 348 2453 et
407 2413 529 2454 non
589 2396 1166 2459 communicantibus
1207 2398 1298 2458 his
1338 2399 1440 2476 qui
1483 2408 1677 2476 egent.
1723 2398 2004 2459 attendite
2046 2397 2326 2459 iudicium
2370 2417 2472 2460 su-

287 2562 450 2626 Vat.‚
487 2562 775 2631 quicquam
811 2564 893 2620 ed.
929 2582 1009 2634 pr.
1041 2583 1090 2623 v.
1129 2596 1192 2607 -
1267 2569 1312 2620 1.
1348 2566 1583 2621 sufficiet
1616 2584 1658 2621 c
1695 2566 1759 2619 D.
1777 2606 1790 2629 ,
1830 2566 2100 2621 sufficient
2135 2567 2285 2631 Vat.,
2326 2566 2475 2621 suffi-

285 2645 397 2701 ciat
431 2646 514 2703 ed.
547 2664 632 2718 pr.
667 2667 720 2705 v.
754 2680 823 2691 —
894 2653 943 2705 2.
979 2650 1078 2706 tibi
1109 2651 1245 2707 haec
1281 2652 1380 2706 soli
1415 2668 1460 2707 c.
1497 2654 1624 2709 Vat.
1662 2652 1831 2719 (solo)
1868 2651 1950 2705 ed.
1986 2667 2065 2718 pr.
2102 2669 2182 2715 v.‚
2240 2652 2341 2707 tibi
2375 2653 2475 2707 soli

285 2730 424 2786 haec
454 2732 524 2785 D.
564 2764 631 2773 —
701 2736 748 2788 3.
786 2736 1184 2791 demonstrares
1221 2754 1286 2791 ea
1321 2754 1363 2793 c.
1399 2737 1466 2790 D.
1503 2736 1584 2791 ed.
1620 2752 1729 2805 pr.,
1768 2736 2165 2791 demonstrares
2202 2738 2345 2803 Vat.,
2380 2739 2474 2793 de-

285 2824 555 2873 monstres
609 2834 677 2874 ea
720 2838 767 2873 v.
817 2850 885 2861 ·—-
957 2826 1004 2875 5.
1040 2823 1220 2878 omnia
1254 2823 1484 2892 (πάντα)
1522 2822 1761 2887 emend„
1798 2822 2044 2877 omnibus
2078 2822 2142 2874 D.
2182 2822 2335 2889 Vat.,
2372 2840 2479 2879 om.

285 2903 378 2963 ed.
423 2920 506 2973 pr.
557 2922 606 2961 v.
655 2930 724 2945 —
809 2908 858 2964 6.
907 2913 969 2961 tu
1016 2922 1063 2961 c.
1113 2909 1182 2962 D.
1231 2908 1316 2963 ed.
1355 2924 1437 2976 pr.
1486 2926 1563 2973 v.‚
1622 2922 1723 2962 om.
1771 2908 1893 2964 Vat.
1942 2938 2012 2947 -
2082 2909 2133 2965 7.
2176 2924 2261 2963 me
2308 2924 2354 2963 c.
2406 2910 2473 2964 D.

283 2990 431 3044 Vat.·
459 2990 540 3043 ed.
588 3007 700 3060 pr„
759 3008 844 3046 me
892 3008 1020 3063 ergo
1070 3011 1120 3050 v.
1169 3023 1237 3035 —
1291 2994 1352 3048 in
1393 2994 1565 3048 multa.
1611 3010 1659 3049 c.
1708 2993 1772 3048 D.
1828 2993 1908 3047 ed.
1942 3010 2025 3063 pr.
2063 3012 2138 3061 v.,
2200 3000 2254 3050 et
2306 2996 2478 3051 multa

282 3076 409 3131 Vat.
443 3104 512 3115 —
585 3080 634 3133 7.
674 3079 724 3133 8.
767 3085 822 3132 et
853 3079 1162 3135 innocentia.
1195 3094 1240 3135 c.
1278 3080 1399 3135 Vat.
1439 3079 1521 3135 ed.
1556 3096 1638 3147 pr.
1672 3096 1737 3144 v.,
1772 3079 2076 3136 innocentia
2092 3079 2157 3134 D.
2202 3110 2262 3123 -·
2336 3086 2387 3135 9.
2423 3089 2479 3136 et

281 3161 649 3217 iustificemini
683 3180 727 3219 c.
749 3163 952 3220 D.Vat.
989 3164 1074 3220 ed.
1109 3182 1193 3235 pr.
1227 3183 1296 3229 ι,
1336 3180 1438 3219 om.
1457 3164 1519 3219 B.
1556 3195 1625 3205 -—
1663 3166 1743 3219 12.
1780 3166 1921 3220 alius
1954 3165 2013 3219 in
2032 3166 2140 3221 alio
2160 3168 2245 3235 (ἐν
2261 3172 2477 3233 ἑαυτοῖς)

280 3264 330 3303 c.
366 3248 508 3314 Vat.,
543 3249 684 3303 alius
719 3250 776 3304 in
811 3250 981 3306 altero
1015 3250 1103 3317 D.,
1133 3252 1273 3306 alius
1309 3266 1430 3304 cum
1463 3249 1574 3305 alio
1608 3250 1690 3303 ed.
1725 3266 1807 3319 pr.
1840 3268 1886 3306 v.
1931 3276 1993 3294 ·-
2027 3267 2123 3306 vos
2157 3253 2475 3308 alterutrum

282 3348 333 3387 c.
368 3334 434 3388 D.
469 3352 534 3398 v.‚
570 3336 628 3387 in
661 3336 980 3390 alterutrum
1014 3336 1133 3391 Vat.
1150 3376 1164 3401 ,
1201 3351 1294 3391 vos
1329 3335 1558 3391 invicem
1593 3336 1675 3391 ed.
1712 3352 1791 3405 pr.
1832 3364 1889 3376 -
1928 3336 2155 3392 invicem
2190 3352 2233 3390 c.
2272 3337 2334 3391 D.
2351 3337 2474 3391 Vat.

283 3420 375 3475 ed.
422 3437 500 3489 pr.
540 3421 684 3485 Cot„
745 3436 840 3475 vos
885 3422 1109 3477 invicem
1155 3421 1342 3477 Dress.
1391 3450 1456 3463 -
1532 3423 1613 3475 13.
1661 3421 1763 3477 soli
1810 3439 1853 3477 c.
1890 3421 1954 3475 D.
2004 3422 2085 3477 ed.
2120 3438 2199 3489 pr.
2236 3441 2313 3486 v.,
2373 3420 2478 3477 sibi

281 3506 413 3561 Vat.
452 3534 513 3547 —
547 3506 815 3576 impertite
851 3521 896 3562 c.
935 3507 1090 3564 codd.
1129 3526 1204 3572 v.‚
1243 3506 1529 3575 impartite·
1550 3505 1629 3561 ed.
1666 3522 1746 3574 pr.
1780 3535 1847 3548 --
1886 3510 1967 3562 14.
2003 3508 2221 3578 quidam
2254 3508 2397 3563 enim
2431 3524 2481 3561 c.

279 3590 350 3645 D.
389 3591 470 3646 ed.
507 3608 586 3660 pr.
621 3611 688 3658 v.,
723 3592 866 3647 enim
900 3594 1118 3661 quidam
1136 3593 1258 3647 Vat.
1286 3620 1352 3631 —
1388 3592 1753 3661 compluribus
1788 3593 1921 3662 (τῶν
1958 3597 2184 3663 πολλῶν)
2218 3610 2261 3649 c.
2298 3593 2379 3649 ed.
2398 3610 2480 3663 pr.

281 3693 365 3739 v..
414 3692 536 3731 cum
570 3676 816 3746 pluribus
851 3678 1000 3745 Vat.,
1045 3678 1103 3732 in
1137 3678 1384 3746 pluribus
1417 3677 1487 3734 D.
1524 3707 1593 3719 -—
1664 3681 1743 3733 15.
1780 3686 2064 3735 assumunt
2096 3680 2477 3748 (ἐπισπῶνται)

280 3780 333 3818 c.
375 3767 433 3815 D.
471 3763 619 3827 Vat.,
655 3764 978 3820 contrahunt
1011 3764 1094 3819 ed.
1129 3779 1208 3833 pr.
1244 3781 1291 3817 v.
1329 3793 1396 3802 —-
1433 3762 1533 3817 sed
1570 3768 1624 3818 et
1658 3780 1703 3819 c.
1738 3764 1812 3837 D.
1839 3765 1981 3829 Vat.,
2016 3770 2071 3819 et
2101 3764 2183 3818 ed.
2218 3779 2302 3833 pr.
2337 3781 2475 3822 v.—

280 3846 590 3903 conviolant
622 3864 666 3904 c.
701 3850 788 3913 D..
815 3851 1100 3905 convolant
1135 3850 1258 3906 Vat.
1273 3890 1288 3914 ‚
1325 3848 1528 3905 violant
1562 3850 1644 3904 ed.
1678 3866 1760 3918 pr.
1796 3868 1844 3906 v.
1880 3882 1949 3893 —
2022 3851 2101 3903 16.
2142 3851 2222 3903 1⁷.
2256 3854 2476 3919 propter

281 3933 430 4003 quod
477 3950 522 3989 c.
573 3934 640 3991 D.
675 3935 826 4003 Vat.,
881 3942 1104 4005 propter
1148 3935 1205 3989 id
1247 3934 1332 3989 ed.
1375 3951 1457 4004 pr.
1477 3974 1490 3998 ,
1551 3942 1772 4004 propter
1802 3935 1859 3990 id
1895 3936 2039 4004 quod
2079 3954 2124 3992 v.
2164 3966 2227 3976 —
2304 3937 2385 3988 17.
2423 3940 2479 3989 et

282 4020 619 4075 consumitur
653 4038 700 4077 c.
731 4021 796 4075 D.
833 4022 914 4076 ed.
949 4039 1028 4091 pr.
1070 4021 1210 4085 Cot,
1261 4028 1316 4075 et
1357 4028 1579 4090 propter
1612 4022 1715 4077 hoc
1746 4028 2189 4077 consummantur
2223 4020 2350 4075 Vat.
2369 4058 2383 4083 ‚
2422 4024 2479 4072 et

283 4110 508 4174 propter
554 4106 656 4161 hoc
702 4109 1032 4161 consumitur
1075 4107 1260 4161 Dress.
1315 4136 1383 4147 -
1456 4108 1537 4162 18.
1572 4123 1747 4163 nocua
1782 4121 1827 4159 c.
1860 4106 1928 4164 D.
1968 4108 2084 4164 Vat.
2108 4148 2121 4172 ,
2173 4105 2363 4161 nociva
2394 4104 2475 4158 ed.

286 4204 368 4257 pr.
415 4207 461 4244 v.
497 4220 564 4231 --
640 4194 716 4245 19.
756 4192 840 4245 his
879 4209 922 4247 c.
959 4192 1024 4245 D.
1065 4192 1220 4255 Vat.,
1259 4192 1327 4245 iis
1362 4190 1442 4247 ed.
1479 4206 1560 4260 pr.
1598 4210 1643 4247 v.
1683 4221 1747 4231 —
