3003 5080
1254 383 1424 439 simu.
1460 384 1527 450 x,
1562 388 1712 442 2-4.
1778 437 1783 440 .
2468 394 2593 461 163

402 552 560 615 enim
608 555 859 637 virgines
901 558 1127 621 nullam
1173 560 1417 621 omnino
1462 561 1719 642 diligunt
1758 564 2294 645 inquinationem“.
2340 567 2471 629 dico
2504 569 2591 631 ei:

403 659 633 739 „Spero
679 679 810 736 me,
869 662 1142 738 domine,
1201 664 1557 745 placiturum
1606 666 1723 749 eis,
1782 668 1859 729 ita
1904 675 1971 729 ut
2016 668 2077 729 in
2124 668 2302 730 domo
2348 688 2481 732 mea
2520 672 2594 733 li-

397 760 614 823 benter
649 762 979 829 inhabitent
1017 786 1271 849 semper.
1316 776 1374 829 et
1416 767 1569 830 sicut
1612 770 1743 852 hic,
1799 771 1893 832 cui
1937 790 2033 833 me
2079 771 2403 848 tradidisti,
2447 774 2592 837 nihil

397 865 476 926 de
537 884 632 927 me
685 868 990 947 queritur,
1059 870 1138 933 ita
1179 890 1376 952 neque
1417 872 1556 935 illae
1600 872 2011 954 querentur“.'
2052 874 2133 935 ait
2173 874 2247 935 ad
2290 885 2590 955 pastorem

395 968 600 1030 illum:
669 969 954 1048 „Video“,
1027 973 1255 1053 inquit,
1301 994 1581 1052 „servum
1626 976 1720 1039 dei
1764 977 1909 1039 velle
1954 977 2149 1039 vivere
2192 986 2250 1039 et
2294 980 2590 1042 custodire
2650 979 2692 1043 5

397 1072 547 1135 haec
589 1074 864 1137 mandata
908 1085 966 1137 et
1008 1076 1265 1156 virgines
1308 1079 1414 1140 has
1445 1079 1807 1143 habitatione
1839 1082 2060 1143 munda
2092 1080 2588 1146 collocaturum“.

393 1176 542 1237 haec
601 1196 738 1238 cum
800 1178 1074 1255 dixisset,
1135 1180 1352 1242 iterum
1412 1184 1635 1263 pastori
1692 1184 1775 1246 illi
1835 1203 1930 1246 me
1984 1183 2225 1245 tradidit
2262 1192 2320 1245 et
2363 1186 2593 1248 vocavit

393 1298 495 1341 eas
550 1280 806 1361 virgines
865 1291 924 1343 et
967 1283 1109 1345 dixit
1161 1285 1234 1345 ad
1278 1304 1412 1345 eas:
1491 1286 1826 1363 „Quoniam
1869 1287 2037 1349 video
2084 1306 2187 1349 vos
2233 1287 2483 1350 libenter
2526 1290 2587 1351 in

392 1383 574 1444 domo
615 1383 740 1446 eius
783 1385 1082 1461 habitare,
1129 1387 1485 1449 commendo
1532 1407 1670 1450 eum
1716 1389 1881 1451 vobis
1926 1399 1985 1452 et
2027 1389 2270 1451 domum
2317 1391 2477 1466 eiuS,
2521 1402 2589 1454 ut

390 1506 426 1546 a
488 1487 666 1548 domo
727 1490 853 1551 eius
909 1510 1032 1553 non
1076 1491 1362 1554 recedatis
1408 1492 1719 1553 omnino“.
1785 1492 1919 1554 illae
1964 1512 2102 1555 vero
2146 1493 2399 1555 libenter
2444 1496 2587 1557 haec
2610 1495 2689 1559 10

394 1590 572 1652 verba
619 1592 952 1655 audierunt.
1546 1608 1551 1611 '

609 1692 737 1755 4ait
780 1695 991 1758 deinde
1035 1697 1213 1758 mihi:
1261 1696 1556 1773 „Viriliter
1597 1697 1659 1758 in
1705 1697 2028 1779 ministerio
2074 1698 2188 1759 hoc
2213 1719 2584 1784 conversare,

388 1797 556 1858 omni
617 1798 846 1860 homini
904 1800 1098 1861 indica
1159 1799 1449 1880 magnalia
1508 1800 1768 1882 domini,
1840 1809 1899 1862 et
1940 1800 2185 1862 habebis
2231 1804 2475 1882 gratiam
2521 1806 2582 1867 in

385 1902 507 1962 hoc
563 1901 904 1964 ministerio.
978 1904 1319 1983 quicunque
1378 1906 1521 1984 erg'o
1580 1903 1641 1964 in
1703 1901 1793 1964 his
1845 1904 2139 1965 mandatis
2178 1906 2583 1984 ambulaverit,

385 2004 542 2066 vivet
587 2015 645 2068 et
689 2005 826 2067 felix
870 2007 983 2068 erit
1024 2007 1084 2069 in
1130 2007 1245 2069 vita
1290 2026 1429 2082 sua3
1479 2006 1823 2086 quicunque
1868 2025 2008 2068 vero
2051 2008 2409 2091 neglexerit,
2457 2014 2685 2078 non15

388 2108 546 2169 vivet
602 2118 662 2169 et
705 2109 814 2170 erit
857 2109 1055 2170 infelix
1095 2110 1157 2170 in
1204 2110 1319 2170 vita
1362 2128 1483 2171 sua.
1530 2109 1622 2171 dic
1668 2109 1982 2184 omnibuS,
2050 2119 2116 2172 ut
2159 2130 2282 2172 non
2327 2124 2579 2193 cessent,

319 2231 322 2235 ·
385 2211 732 2291 quicunque
777 2220 937 2274 recte
981 2214 1173 2274 facere
1215 2218 1503 2293 possunt,
1557 2211 1713 2273 bona
1760 2231 1937 2291 opera
1982 2232 2259 2275 exercere
2308 2214 2447 2276 utile
2491 2224 2582 2277 est

376 2314 522 2375 illis.
567 2314 697 2376 dico
735 2324 968 2397 autem,
1017 2336 1257 2378 omnem
1304 2315 1603 2379 hominem
1653 2315 1726 2376 de
1770 2316 2165 2377 incommodis
2210 2316 2356 2396 eripi
2402 2337 2581 2399 opor-

377 2427 526 2480 tere.
603 2429 662 2480 et
717 2419 766 2480 is
809 2420 967 2481 enim
1015 2420 1116 2499 qui
1157 2427 1288 2500 eget
1330 2428 1388 2480 et
1429 2418 1491 2480 in
1539 2418 1881 2496 quotidiana
1926 2419 2040 2481 vita
2086 2419 2305 2499 patitur
2348 2421 2580 2483 incom-

375 2522 592 2597 moda,
660 2522 721 2583 in
780 2543 999 2604 magno
1060 2530 1357 2584 tormento
1405 2530 1494 2586 est
1539 2540 1607 2582 ac
1653 2522 2019 2588 necessitate.
2095 2522 2360 2604 quisquis
2402 2525 2579 2605 igitur
2597 2531 2681 2596 20

375 2625 721 2688 huiusmodi
765 2626 1023 2688 animam
1069 2627 1242 2708 eripit
1287 2624 1772 2712 denecessitate,
1817 2643 2099 2706 magnum
2145 2626 2422 2705 gaudium
2465 2628 2577 2691 sibi

374 2795 505 2850 Vat.
539 2825 610 2835 -
681 2799 728 2849 3.
763 2794 1076 2849 inhabitent
1109 2810 1155 2848 c.
1190 2793 1316 2848 Vat.
1351 2792 1436 2848 ed.
1471 2809 1555 2863 pr.
1590 2809 1665 2859 v.,
1703 2793 1956 2848 habitent
1988 2795 2055 2848 D.
2090 2823 2161 2834 ·-
2196 2809 2411 2864 semper
2444 2812 2489 2850 c.
2508 2796 2577 2851 D.

376 2881 465 2936 ed.
505 2899 588 2951 pr.
626 2898 700 2949 v.,
741 2897 845 2936 om.
881 2881 1008 2936 Vat.
1041 2910 1114 2920 -—·
1171 2879 1262 2934 hic
1296 2895 1340 2934 c.
1380 2879 1448 2934 D.
1483 2879 1637 2945 Vat.‚
1680 2877 1730 2932 is
1769 2877 1853 2933 ed.
1889 2895 1973 2948 pr.
2010 2896 2058 2931 v.
2093 2909 2164 2919 —
2234 2884 2280 2933 5.
2316 2880 2497 2950 inquit
2530 2899 2575 2936 c.

372 2968 446 3022 D.
481 2968 607 3022 Vat.
643 2966 728 3022 ed.
769 2983 871 3036 pr.,
910 2982 1014 3021 om.
1047 2983 1095 3020 v.
1131 2995 1202 3005 —
1229 2965 1413 3037 ¹vivere
1448 2981 1492 3019 c.
1528 2965 1684 3019 Fello
1721 2967 1809 3032 aL,
1838 2965 2023 3020 videre
2060 2965 2215 3021 codd.
2252 2971 2311 3022 et
2348 2967 2469 3023 edd.
2508 2998 2579 3010 --

375 3057 428 3108 6.
473 3053 819 3108 habitatione
870 3053 1072 3108 munda
1116 3068 1161 3107 c.
1206 3053 1274 3106 D.
1317 3052 1444 3107 Vat.
1490 3051 1577 3105 ed.
1620 3067 1729 3120 pr.,
1783 3050 1986 3107 munda
2028 3052 2370 3109 habitatione
2412 3071 2461 3107 v.
2506 3083 2577 3096 -

376 3140 770 3194 collocaturum
805 3156 850 3195 c.
885 3141 953 3194 D.
988 3140 1114 3194 Vat.
1151 3137 1235 3194 ed.
1271 3155 1380 3208 pr.,
1437 3139 1760 3192 collaturum
1794 3137 1856 3191 L.
1900 3167 1971 3178 —
2040 3142 2088 3190 8.
2128 3154 2223 3194 eas
2254 3141 2493 3210 virgines
2529 3157 2573 3195 c.

374 3226 446 3282 D.
485 3226 630 3293 Vat.‚
663 3225 899 3294 virgines
933 3224 1017 3280 ed.
1053 3241 1136 3294 pr.
1171 3241 1220 3278 v.
1254 3254 1326 3264 --
1360 3223 1431 3279 ad
1467 3240 1564 3280 eas
1599 3239 1644 3276 e.
1680 3223 1747 3278 D.
1782 3223 1845 3277 L.
1880 3224 2008 3279 Vat.
2043 3223 2129 3279 ed.
2164 3242 2267 3295 pr.,
2302 3227 2383 3282 eis
2422 3244 2471 3281 v.
2504 3257 2577 3269 --
2636 3267 2639 3270 .

377 3315 430 3365 8.
469 3314 516 3366 9.
552 3311 788 3367 libenter
821 3311 879 3365 in
914 3310 1073 3366 domo
1111 3311 1227 3366 eius
1255 3327 1300 3366 c.
1321 3311 1466 3377 Vat.,
1501 3311 1741 3365 libenter
1774 3309 1833 3363 in
1869 3309 2028 3365 domo
2067 3310 2229 3366 huius
2264 3311 2347 3366 ed.
2382 3329 2464 3382 pr.
2506 3329 2574 3378 v.,

370 3400 434 3452 in
472 3397 629 3452 domo
665 3398 782 3452 eius
815 3398 1054 3453 libenter
1085 3397 1154 3452 D.
1189 3427 1260 3437 —
1295 3399 1344 3451 9.
1380 3413 1504 3451 eum
1537 3396 1691 3451 vobis
1729 3411 1774 3450 c.
1810 3396 1878 3448 D.
1918 3395 2003 3449 ed.
2039 3412 2123 3465 pr.
2158 3413 2227 3464 v.,
2262 3397 2415 3452 vobis
2452 3414 2574 3452 eum

371 3485 504 3539 Vat.
542 3516 609 3524 —-
645 3488 708 3538 ut
744 3501 788 3538 c.
825 3485 892 3537 D.
931 3482 1016 3538 ed.
1053 3499 1136 3552 pr.
1173 3500 1248 3549 v.,
1291 3487 1349 3537 et
1380 3484 1507 3538 Vat.
1550 3513 1611 3522 -

515 3573 595 3623 13.
633 3570 780 3626 omni
814 3569 1019 3624 homini
1051 3568 1145 3638 (cf.
1167 3569 1313 3639 Pal.)
1349 3585 1393 3623 c.
1431 3569 1516 3622 ed.
1547 3585 1629 3638 pr.
1649 3586 1716 3636 v.,
1756 3567 1975 3622 omnino
1998 3569 2061 3623 L.
2081 3569 2227 3634 Vat.,
2263 3572 2322 3623 et
2355 3569 2572 3624 omnino

367 3659 441 3714 D.
477 3687 548 3696 --
582 3655 785 3711 domini
819 3671 863 3710 c.
899 3657 966 3710 D.
1004 3655 1190 3725 (Pal),
1231 3655 1320 3710 dei
1354 3654 1556 3710 domini
1588 3655 1741 3721 Vat.,
1779 3655 1869 3709 dei
1904 3654 1987 3709 ed.
2024 3671 2107 3724 pr.
2139 3671 2188 3708 v.
2224 3684 2295 3694 —
2367 3655 2447 3708 16.
2485 3655 2575 3710 dic

371 3742 649 3809 omnibu,
701 3746 766 3796 ut
799 3759 844 3796 c.
880 3742 948 3797 D.
986 3741 1070 3796 ed.
1106 3758 1187 3811 pr.
1223 3758 1301 3808 v.,
1351 3741 1419 3796 de
1455 3741 1703 3796 omnibus
1738 3745 1797 3796 et
1828 3741 1956 3796 Vat.
1998 3771 2069 3780 —
2106 3773 2109 3778 -
2139 3741 2219 3794 17.
2257 3755 2573 3812 quecunque

367 3830 500 3885 Vat.
546 3857 617 3870 ·-
664 3829 810 3884 bona
855 3844 899 3882 c.
935 3828 1062 3883 Vat.
1107 3827 1191 3881 ed.
1239 3844 1320 3897 pr.
1364 3844 1437 3894 v.,
1504 3831 1562 3882 et
1606 3828 1751 3883 bona
1783 3828 1850 3883 D.
1886 3857 1957 3867 —
2027 3829 2107 3879 19.
2144 3830 2203 3881 et
2236 3827 2286 3881 is
2322 3843 2366 3882 c.
2403 3828 2471 3881 D.
2506 3828 2571 3882 L.

371 3915 514 3984 (his)
547 3915 673 3971 Vat.
723 3915 818 3984 (cf.
853 3914 1023 3983 Pal),
1083 3914 1132 3968 is
1175 3912 1260 3968 ed.
1306 3930 1388 3983 pr.
1423 3930 1471 3966 v.
1530 3944 1601 3952 —
1656 3914 1748 3982 qui
1792 3918 1917 3982 eget
1952 3917 2009 3968 et
2045 3929 2089 3967 c.
2124 3913 2187 3967 L.
2225 3911 2405 3982 (quia)
2444 3913 2571 3969 Vat.

369 4001 540 4070 (egit)
575 3999 659 4054 ed.
695 4016 778 4069 pr.
813 4016 886 4067 v.,
923 4000 1051 4069 quia
1083 3999 1150 4054 D.
1186 4029 1256 4039 -
1325 4004 1407 4052 20.
1447 4015 1513 4054 ac
1547 4015 1593 4054 c.
1629 3999 1754 4056 Vat.
1792 3998 1875 4054 ed.
1914 4015 1995 4068 pr.
2032 4014 2107 4064 v.,
2154 3999 2259 4053 hac
2296 3999 2365 4055 D.
2400 4000 2463 4054 L.
2502 4031 2574 4042 —--

370 4088 459 4142 20.
500 4089 580 4141 21.
619 4085 861 4155 quisquis
893 4085 1062 4154 igitur
1094 4085 1401 4140 huiusmodi
1442 4086 1679 4141 animam
1716 4084 1883 4154 eripit
1916 4083 1983 4138 de
2014 4085 2344 4140 necessitate
2382 4101 2426 4140 c.
2448 4087 2575 4142 Vat-

377 4173 657 4243 (quisque)
693 4172 776 4227 ed.
812 4187 894 4242 pr.
931 4189 998 4238 v.,
1034 4188 1135 4226 om.
1171 4173 1238 4226 D.
1275 4171 1527 4241 (propter
1561 4171 2078 4240 homoeoteleuton).
2114 4199 2185 4210 --

2044 4256 2167 4321 11*
