3003 5080
1137 408 1250 466 Via.
1282 409 1378 476 111,
1417 411 1464 465 1.
1501 413 1554 466 2.
2351 411 2431 478 15

243 580 594 661 promiserat
635 579 845 643 visum.
904 589 965 646 at
1020 583 1118 644 illa
1160 601 1372 646 rursus
1417 581 1806 662 apprehendit
1849 599 2094 650 manum
2134 600 2327 646 meam
2372 592 2435 650 et

241 684 425 744 erexit
477 702 574 746 me
614 691 674 745 et
715 679 856 744 fecit*
893 684 1100 746 sedere
1141 705 1324 765 super
1363 685 1708 748 subsellium
1745 685 1819 746 ad
1862 685 2159 750 sinistram
2207 695 2267 750 et
2306 685 2432 750 ele·

240 785 368 847 vata
414 786 574 865 virga
617 787 870 864 quadam
915 786 1222 868 splendida
1265 789 1410 850 dixit
1437 788 1615 850 mihi:
1662 787 1875 864 „Vides
1900 806 2177 866 magnam
2207 787 2426 852 rem“?
2465 850 2476 859 ,

241 886 372 948 dico
417 888 505 950 ei:
579 887 904 966 „Domina‚
977 890 1124 951 nihil
1183 891 1412 957 vidco“.
1471 892 1553 952 ait
1608 891 1785 952 mihi:
1862 890 2055 967 „Ecce
2099 910 2222 954 non
2266 892 2427 954 vides

239 1000 448 1051 contra
490 999 548 1052 te
588 991 798 1052 turrim
821 1011 1120 1071 magnam,
1164 1013 1316 1073 quae
1345 993 1686 1062 aedificatur
1714 1011 1894 1072 super
1920 1013 2102 1073 aquas
2132 993 2425 1073 lapidibus
2480 991 2523 1052 5

239 1091 538 1170 quadratis
580 1094 989 1172 splendidis“?
1030 1096 1092 1158 in
1139 1097 1424 1176 quadrato
1467 1095 2111 1162 autem'aediflcabatur
2137 1097 2318 1158 turris
2347 1097 2421 1158 ab

236 1193 353 1254 illis
389 1214 492 1256 sex
535 1195 866 1270 iuvenibus»,
911 1197 1011 1278 qui
1041 1207 1322 1262 venerant
1353 1218 1488 1260 cum
1518 1199 1636 1263 ina.
1679 1197 1774 1260 alii
1804 1206 1998 1258 autem
2030 1198 2213 1258 multa
2242 1198 2421 1260 millia

233 1296 546 1357 hominum
590 1298 979 1377 apportabant
1022 1301 1262 1382 lapides.
1307 1302 1548 1382 quidam
1592 1301 1830 1380 quidem
1875 1301 1948 1364 de.
1973 1303 2269 1380 profundo
2298 1310 2419 1364 tra-

233 1397 458 1460 bebant
513 1398 767 1478 lapides,
840 1401 936 1462 alii
996 1403 1068 1464 de
1111 1413 1266 1466 terra
1309 1404 1741 1472 transferebant
1784 1413 1841 1465 et
1883 1402 2264 1482 porrigebant
2306 1402 2418 1464 iuis

231 1519 356 1564 sex⁴
380 1501 722 1583 iuvenibus,
770 1504 868 1583 qui
911 1506 1274 1586 accipiebant
1315 1517 1374 1570 et
1409 1507 1817 1576 aedificabant.
1861 1525 1966 1571 >eos
2010 1506 2269 1584 quidem,
2314 1507 2414 1584 qui
2438 1503 2520 1565 10

233 1603 309 1664 de
365 1604 666 1683 profundo
722 1607 1183 1672 extrahebantur
1223 1609 1446 1689 lapides
1460 1654 1507 1688 ‚.
1553 1627 1763 1672 omnes
1803 1607 1886 1670 sic
1927 1607 2313 1688 imponebant
2352 1609 2413 1670 in

229 1713 616 1768 structuram.
657 1708 824 1787 politi
866 1710 1022 1771 enim
1067 1720 1238 1776 erant
1279 1722 1338 1773 et
1379 1711 1799 1780 convenientes
1828 1710 2251 1794 commissurae
2278 1729 2415 1773 cum

229 1807 359 1868 aliis
415 1807 707 1887 lapidibus
722 1855 742 1891 ,
813 1820 874 1873 et
924 1812 1008 1873 sic
1067 1815 1587 1898 coniungebantur
1633 1813 1781 1876 alius
1824 1814 1899 1876 ad
1945 1812 2156 1886 alium,
2222 1813 2303 1876 ita
2345 1823 2414 1876 ut

230 1910 659 1973 commissurae
700 1931 909 1975 eorum
953 1934 1078 1978 non
1121 1927 1416 1998 parerent.
1461 1925 1522 1982 et
1561 1915 1647 1978 sic
1688 1916 1932 1997 parebat
1960 1923 2253 1978 structura
2284 1926 2413 1977 tur-

227 2013 310 2074 ris
355 2021 639 2091 tanquam
684 2034 756 2076 ex
799 2035 924 2077 uno
968 2017 1157 2098 lapide
1201 2020 1519 2082 aedificata.
1566 2018 1745 2081 ceteri
1785 2027 1981 2080 autem
2026 2017 2265 2097 lapides,
2310 2017 2412 2098 qui
2434 2021 2513 2084 15

226 2115 630 2178 afferebantur
685 2117 760 2180 de
812 2127 970 2181 terra
989 2165 1007 2196 ‚
1081 2123 1368 2201 quosdam
1426 2122 1665 2202 quidem
1706 2121 2058 2192 reiciebant‚
2122 2121 2413 2199 quosdam

225 2227 426 2280 autem
479 2219 786 2299 ponebant
824 2221 889 2282 in
929 2232 1310 2287 structuram.
1351 2225 1497 2286 alios
1540 2233 1736 2287 autem
1783 2223 2131 2286 excidebant
2172 2233 2230 2284 et
2273 2241 2412 2310 pro-

219 2320 483 2384 iciebant
521 2321 700 2402 longe
727 2341 760 2384 a
790 2325 960 2386 turri.
1005 2326 1100 2387 alii
1131 2337 1326 2390 autem
1358 2328 1529 2390 multi
1559 2326 1779 2407 lapides
1810 2326 2205 2388 circa·turrim
2236 2326 2413 2405 positi

362 2491 412 2546 2.
445 2489 648 2547 errexit
678 2487 750 2548 D.
782 2519 853 2533 -
907 2493 972 2551 3..
993 2494 1227 2563 quadam
1261 2494 1545 2565 splendida
1579 2510 1627 2555 c.
1645 2497 1771 2555 Vat.
1806 2496 1891 2553 cd.
1925 2513 2005 2567 pr.
2028 2514 2096 2569 v..
2134 2496 2416 2565 splendida

223 2574 462 2644 quadam
482 2576 548 2631 D.
584 2604 649 2617 -
685 2575 822 2633 dixit
853 2592 903 2638 c.
919 2578 988 2637 D.
1023 2580 1106 2637 ed.
1143 2598 1222 2651 pr.
1250 2600 1316 2650 v.‚
1351 2589 1408 2637 et
1439 2581 1577 2636 dixit
1592 2582 1713 2639 Vat.
1753 2612 1815 2625 ——
1852 2598 2101 2652 magnam
2133 2597 2247 2637 rem
2281 2597 2328 2637 c.
2346 2582 2412 2637 D.

223 2661 369 2725 vat..
399 2676 516 2715 rem
549 2676 799 2731 magnam
832 2662 918 2721 ed.
951 2680 1032 2735 pr.
1066 2684 1116 2722 v.
1153 2696 1220 2710 -
1259 2668 1339 2723 ait
1370 2668 1500 2721 mihi
1537 2672 1695 2739 (λέγει
1732 2670 1849 2739 μοι)
1884 2684 1929 2724 c.
1948 2668 2024 2733 Β.,
2060 2685 2162 2723 om.
2194 2667 2255 2720 D.
2289 2668 2410 2724 Vat.

220 2746 305 2801 ed.
345 2753 506 2815 pr.‘v.
548 2778 606 2789 --
652 2750 702 2803 4.
741 2752 787 2802 5.
820 2748 956 2805 nihil
989 2750 1144 2809 video
1184 2784 1246 2796 --
1279 2754 1468 2808 turrim
1506 2770 1755 2823 magnam
1788 2770 1835 2811 c.
1870 2754 1939 2812 D.
1974 2753 2055 2807 ed.
2095 2769 2175 2820 pr.
2212 2770 2276 2818 v.‚
2310 2768 2411 2810 om.

220 2833 348 2888 Vat.
385 2860 455 2873 -
495 2834 542 2889 6.
581 2835 862 2903 quadratis
895 2851 945 2891 c.
980 2838 1041 2896 C.
1065 2839 1131 2893 D.
1151 2838 1213 2895 G.
1236 2840 1373 2905 vm..
1410 2840 1631 2909 quadris
1667 2840 1751 2897 ed.
1784 2854 1867 2909 pr.
1903 2857 1949 2896 v.
1987 2868 2051 2884 --
2090 2846 2271 2894 autem
2304 2840 2411 2905 (δὲ)

218 2934 264 2973 c.
281 2918 354 2971 D.
379 2919 518 2982 vat„
554 2919 697 2974 enim
715 2920 800 2977 ed.
818 2938 897 2991 pr.
919 2940 969 2979 v.
989 2951 1057 2965 -
1093 2926 1141 2980 7.
1176 2939 1272 2980 aex
1289 2924 1570 2981 iuvenibus
1604 2942 1652 2983 c.
1678 2928 1801 2983 Vat.
1823 2926 1906 2981 ed.
1925 2942 2008 2995 pr.
2026 2943 2089 2987 v„
2126 2924 2410 2981 iuvenibus

218 3019 318 3058 sex
352 3004 421 3059 D.
451 3032 524 3045 —
575 3005 670 3061 alii
713 3022 763 3067 c.
797 3008 927 3069 Vat.
967 3008 1054 3066 ed.
1081 3026 1195 3080 pr„
1238 3011 1348 3066 alia
1380 3011 1448 3068 D.
1481 3030 1529 3065 v.
1563 3040 1634 3053 —
1700 3014 1751 3066 8.
1779 3012 2051 3067 hominum
2085 3029 2133 3067 c.
2168 3011 2234 3064 D.
2269 3009 2411 3074 Vat.‚

214 3090 457 3143 virorum
491 3090 574 3145 ed.
591 3106 670 3159 pr.
688 3108 741 3150 v.
776 3122 844 3137 -
877 3098 1235 3164 apportabant
1256 3112 1301 3151 c.
1320 3099 1378 3152 D.
1399 3098 1526 3153 Vat.
1549 3115 1609 3161 v.,
1647 3102 1866 3165 portant
1886 3096 1971 3154 ed.
1989 3112 2071 3165 pr.
2090 3098 2158 3137 -'-
2192 3095 2410 3164 quidem

216 3192 264 3231 c.
299 3173 369 3230 D.
414 3177 564 3241 vat,
597 3183 778 3233 autem
815 3179 898 3234 ed.
932 3196 1015 3247 pr.
1049 3199 1097 3237 v.
1133 3212 1202 3223 —
1270 3186 1316 3236 9.
1354 3182 1422 3236 de
1455 3189 1604 3236 terra
1638 3186 1721 3248 (ἐκ
1759 3192 1847 3250 τῆς
1881 3185 2002 3253 γῆς)
2038 3198 2083 3237 o.
2119 3182 2205 3239 ed.
2239 3198 2319 3249 pr.
2337 3199 2409 3246 ι,

216 3278 322 3319 om.
359 3260 429 3318 D.
468 3264 593 3321 Vat.
631 3288 694 3305 --
764 3267 845 3318 10.
889 3265 982 3334 qui
1016 3282 1060 3321 c.
1095 3265 1189 3331 D.‚
1224 3282 1381 3335 porro
1415 3267 1494 3321 ini
1531 3268 1613 3321 ed.
1648 3286 1728 3337 pr.
1764 3287 1837 3334 v.,
1872 3284 1971 3323 om.
2015 3270 2133 3322 vat.
2166 3296 2234 3309 --
2290 3267 2406 3337 qui-

215 3348 340 3402 dem
376 3348 518 3419 (μὲν)
553 3364 598 3403 o.
633 3346 700 3405 D.
738 3349 888 3413 Vat.,
935 3358 1117 3405 autem
1153 3352 1234 3409 ed.
1269 3368 1352 3419 pr.
1386 3370 1435 3409 v.
1485 3380 1551 3392 —-
1626 3357 1706 3408 11.
1742 3354 2161 3409 extrahebantur
2197 3353 2407 3421 lapidea

211 3438 418 3497 (λίθους
450 3434 776 3503 ἑλκομένους)
809 3448 854 3487 c.
892 3436 1014 3491 Vat.
1051 3438 1132 3492 ed.
1167 3453 1246 3506 pr.
1281 3454 1358 3501 v..
1407 3438 1617 3505 lapides
1652 3440 2005 3494 extrahebant
2036 3439 2103 3495 D.
2140 3469 2208 3481 -·
2240 3437 2408 3508 impo-

214 3520 422 3575 nebant
477 3520 780 3588 (ὲτίθσααν)
841 3536 885 3577 c.
939 3520 995 3577 G.
1039 3521 1109 3576 D.
1155 3521 1215 3578 L.
1268 3524 1386 3579 Vat.
1445 3524 1529 3579 ed.
1588 3540 1672 3592 pr.-
1720 3524 1933 3590 Dress.‚
2004 3524 2274 3594 ponebant
2326 3523 2405 3590 Β..

212 3604 628 3673 imponebantur
676 3620 724 3661 v..
775 3634 840 3647 —
916 3608 996 3661 12.
1043 3608 1229 3677 polliti.
1262 3608 1330 3664 D.
1378 3637 1447 3691 -5-
1518 3611 1601 3667 13.
1647 3610 1771 3667 aliis
1821 3614 1952 3678 (τῶν
1992 3611 2197 3678 ἑτέρων)
2230 3626 2275 3665 c.
2318 3610 2405 3667 ed.

212 3706 292 3757 pr.
361 3706 440 3757 v.‚
495 3690 605 3743 illia
649 3689 709 3745 B.
757 3691 824 3745 D.
866 3690 933 3747 G.
979 3692 1044 3750 L.
1089 3695 1215 3749 Vat.
1270 3694 1408 3750 vict.
1457 3693 1643 3752 Dresa
1696 3726 1750 3734 —
1821 3704 1879 3750 et
1932 3697 2011 3759 sic
2056 3710 2103 3749 c.
2145 3694 2210 3751 D.
2262 3696 2404 3762 vat„

213 3774 404 3843 sicque
451 3775 533 3831 ed.
569 3791 656 3845 pr.
703 3792 754 3833 v.
803 3806 868 3819 -
944 3771 1024 3831 14.
1080 3786 1335 3847 parerent
1378 3781 1703 3848 (φαίνεσθαι)
1746 3800 1789 3837 c.
1842 3782 1899 3837 C.
1940 3782 2004 3837 D.
2040 3781 2104 3839 G.
2145 3782 2268 3837 Vat.
2319 3782 2403 3837 ed.

210 3877 326 3928 pr.‚
375 3868 623 3928 paterent
655 3879 705 3920 v,
741 3890 809 3903 -—
847 3863 926 3918 sic
961 3880 1006 3919 c.
1040 3862 1106 3921 D.
1149 3866 1297 3931 vat,
1358 3864 1503 3921 hunc
1536 3864 1595 3919 in
1630 3865 1845 3921 modum
1880 3865 1967 3922 ed.
1999 3882 2108 3935 pr„
2170 3867 2227 3921 in
2260 3866 2405 3923 hunc

213 3945 434 4003 modam
473 3966 518 4001 v.
553 3977 622 3989 -
656 3948 882 4016 parebat
916 3962 961 4003 c.
1000 3948 1059 4003 B.
1092 3950 1158 4004 D.
1201 3953 1318 4006 Vat.
1332 3991 1348 4015 ‚
1381 3952 1680 4019 apparebat
1713 3949 1799 4007 ed.
1833 3967 1911 4020 pr.
1946 3968 1996 4007 v.
2034 3980 2091 3989 -—
2132 3958 2407 4007 structura

212 4046 260 4087 c.
295 4030 370 4089 D.
406 4033 490 4087 ed.
530 4050 608 4103 pr.
643 4052 710 4101 v.,
747 4041 1069 4091 structuram
1108 4038 1230 4091 Vat.
1269 4066 1336 4077 -—
1408 4042 1489 4093 15.
1526 4037 1691 4092 ceteri
1726 4052 1771 4089 c.
1806 4037 1869 4091 D.
1896 4038 2037 4102 Vat.,
2074 4044 2284 4093 ceteros
2319 4037 2405 4093 ed.

211 4132 293 4183 pr.
310 4136 361 4173 v.
386 4150 447 4159 -·-
494 4122 569 4174 17.
606 4126 786 4175 autem
820 4124 1091 4189 ponebant
1111 4126 1196 4187 (δὲ
1227 4124 1468 4190 ἐτίθουν)
1490 4140 1537 4177 c.
1557 4122 1621 4175 D.
1649 4121 1789 4183 Vat..
1825 4136 1952 4175 vero
1973 4123 2404 4191 adaptabantcd.

210 4218 293 4269 pr.
315 4221 362 4257 v.
382 4232 449 4243 —-—
483 4206 621 4261 alios
641 4215 824 4263 autem
843 4225 886 4264 c.
905 4208 972 4263 D.
998 4210 1134 4272 Vat„
1169 4208 1306 4263 alios
1327 4208 1408 4265 ed.
1429 4223 1507 4277 pr.
1529 4227 1574 4263 v.
1604 4236 1661 4249 -
1709 4210 1786 4259 18.
1822 4217 2003 4263 autem
2026 4209 2181 4263 multi
2194 4208 2405 4275 lapidea
