3003 5080
566 409 648 472 16
1556 409 1762 466 Pastor.

563 591 753 656 erant,
797 589 858 643 et
899 599 1024 644 non
1067 581 1386 644 utebantur
1429 583 1544 645 illis
1585 586 1647 647 in
1690 589 2067 645 structuram.
2115 589 2287 644 erant
2316 580 2472 642 enim
2506 578 2747 659 quidam

563 703 634 745 ex
677 684 768 746 his
811 683 1102 760 scabrosi,
1146 685 1242 746 alii
1287 695 1484 750 autem
1530 689 1816 749 scissuras
1857 684 2183 757 habebant,
2228 683 2325 744 alii
2368 690 2564 743 autem
2606 699 2749 741 can—

563 785 683 848 didi
741 797 802 848 et
858 785 1136 862 rotundi,
1204 807 1329 850 non
1372 791 1793 852 convenientes
1834 789 1895 850 in
1934 798 2299 849 structuram
2343 784 2545 847 turriS.
2590 783 2747 844 vide-

563 888 701 951 bam
759 899 956 952 autem
1016 889 1163 950 alios
1220 890 1442 971 lapides
1496 893 1682 973 proici
1736 893 1913 970 longe
1969 909 2003 951 a
2048 889 2197 952 turri
2241 897 2301 952 et
2341 888 2642 950 venientes
2684 885 2745 946 in

503 984 651 1053 5via
695 1001 754 1054 et
799 1012 922 1054 non
967 1001 1276 1054 manentes
1320 994 1381 1055 in
1426 995 1552 1075 via,
1612 995 1714 1056 sed
1756 993 1910 1054 volvi
1954 993 2027 1054 de
2068 991 2162 1052 ria
2204 989 2266 1052 in
2305 990 2506 1051 locum
2550 990 2749 1050 deser-

561 1103 724 1168 tum;
767 1094 915 1156 alios
959 1102 1158 1156 autem
1199 1095 1262 1158 in
1302 1097 1503 1176 ignem
1548 1097 1874 1158 incidentes
1916 1105 1976 1156 et
2020 1094 2333 1167 ardentes;
2374 1091 2520 1152 alios
2549 1099 2747 1153 autem

561 1196 835 1256 cadentes
891 1215 1063 1258 secus
1104 1217 1318 1278 aquam
1378 1219 1500 1260 non
1560 1218 1734 1279 posse
1791 1198 1943 1259 volvi
1983 1198 2043 1258 in
2090 1213 2341 1274 aquam,
2416 1192 2748 1254 volentibus

563 1299 800 1377 quidem
843 1297 928 1360 eis
969 1299 1189 1362 intrare
1233 1301 1296 1364 in
1340 1320 1576 1381 aquam.

774 1400 875 1462 *οἱ
943 1420 1080 1462 cum
1151 1404 1297 1465 haec
1351 1404 1497 1465 mihi
1558 1405 2050 1476 demonstrasset,
2129 1401 2364 1463 volebat
2420 1415 2750 1460 recurrere.

461 1497 542 1560 10
562 1502 693 1563 dico
737 1503 821 1564 ei:
870 1504 1180 1582 „Domina,
1227 1506 1367 1587 quid
1412 1506 1658 1587 prodest
1698 1506 1845 1567 haec
1889 1504 2099 1566 vidisse
2144 1513 2204 1565 et
2246 1521 2370 1564 non
2414 1501 2567 1562 scire
2598 1518 2751 1580 quae

561 1613 702 1666 sunt
741 1607 852 1668 hae
897 1605 1083 1668 res“?
1125 1611 1496 1690 respondens
1541 1609 1687 1670 dixit
1728 1607 1904 1668 mihi:
1950 1607 2275 1683 „versutus
2306 1623 2367 1666 es
2397 1605 2600 1677 homo,
2644 1621 2749 1662 vo-

560 1706 688 1768 lens
728 1709 878 1770 scire
922 1729 988 1770 ea
1035 1728 1185 1788 quae
1228 1712 1383 1774 circa
1429 1712 1639 1773 turrim
1687 1715 1891 1772 sunt“.
1982 1710 2171 1786 „Ita“,
2240 1709 2527 1787 inquam,
2600 1706 2750 1782 „do-

561 1809 753 1887 mina,
818 1820 884 1874 ut
921 1813 1200 1875 fratribus
1241 1814 1638 1895 annunciem,
1712 1824 1772 1875 et
1812 1813 2120 1874 hilariores
2165 1812 2311 1872 fiant
2352 1818 2413 1870 et
2452 1809 2597 1870 haec
2642 1826 2748 1868 au-

561 1913 787 1975 dientes
843 1914 1239 1977 honorificent
1279 1917 1601 1978 ‘dominum
1661 1936 1796 1978 cum
1844 1915 2031 1978 multa
2074 1914 2322 1995 gloria“.
2393 1921 2452 1972 et
2490 1910 2591 1971 illa
2631 1909 2747 1969 ait:

460 2015 542 2078 15
564 2017 858 2092 „Audient
930 2018 1170 2096 quidem
1243 2019 1448 2093 multi,
1522 2031 1580 2081 et
1636 2038 1773 2081 cum
1835 2018 2159 2092 audierint,
2229 2015 2469 2096 quidam
2528 2031 2599 2074 ex
2656 2012 2750 2073 his

561 2119 924 2198 gaudebunt,
968 2119 1204 2197 quidam
1253 2130 1449 2182 autem
1492 2122 1743 2183 flebunt.
1786 2121 1889 2183 sed
1934 2130 1991 2182 et
2033 2119 2125 2180 isti
2170 2117 2473 2180 audientes
2514 2116 2561 2177 si
2604 2134 2749 2195 poe-

564 2220 874 2282 nitentiam
932 2222 1190 2304 egerint,
1263 2233 1324 2286 et
1360 2224 1466 2305 ipsi
1514 2224 1873 2304 gaudebunt.
1915 2222 2051 2284 audi
2096 2240 2261 2283 nunc
2302 2218 2746 2282 similitudinem

557 2323 740 2384 turris
760 2369 776 2397 ,
831 2323 1030 2384 omnia
1073 2325 1256 2406 haec,
1311 2335 1369 2387 et
1411 2327 1699 2388 hactenus
1742 2326 1886 2387 mihi
1933 2325 2005 2386 de
2049 2322 2403 2385 revelatione
2446 2320 2750 2382 molestior

557 2508 604 2549 c.
635 2491 759 2548 Vat.
798 2491 884 2549 ed.
919 2507 1002 2563 pr.
1041 2490 1276 2561 (lapides
1311 2491 1523 2563 multi),
1568 2493 1723 2550 multi
1758 2493 1969 2562 lapides
2007 2492 2076 2549 D.
2095 2530 2109 2555 .
2155 2490 2367 2562 lapides
2401 2487 2556 2545 multi
2589 2505 2639 2546 v.
2677 2515 2745 2528 -

554 2577 719 2646 positi
751 2584 907 2633 erant
938 2594 984 2634 c.
1003 2578 1070 2632 D.
1098 2580 1220 2635 Vat.
1239 2578 1351 2635 Cot.
1369 2579 1580 2647 Dress.,
1612 2580 1775 2649 positi
1807 2580 2059 2635 iacebant
2096 2577 2181 2633 ed.
2214 2594 2298 2646 pr.
2328 2608 2398 2619 —-
2433 2580 2482 2629 1.
2513 2576 2571 2630 in
2607 2580 2747 2629 stru-

556 2670 764 2719 cturam
809 2678 858 2723 c.
893 2663 961 2717 D.
1000 2665 1150 2730 vat„
1208 2664 1281 2721 ad
1315 2672 1641 2720 structuram
1676 2664 1758 2719 ed.
1791 2680 1889 2733 pr..
1908 2684 1960 2726 v.
2000 2694 2066 2707 -
2139 2669 2182 2718 1.
2220 2669 2270 2722 2.
2305 2662 2519 2732 quidam
2558 2676 2624 2714 ex
2657 2658 2749 2713 his

557 2766 603 2806 c.
636 2750 702 2804 D.
746 2752 893 2818 Vat.,
949 2764 1018 2803 ex
1068 2750 1154 2803 his
1193 2749 1412 2819 quidam
1444 2751 1541 2816 D.,
1602 2750 1821 2819 quidam
1858 2766 1923 2805 ex
1958 2751 2068 2805 illis
2104 2751 2186 2804 ed.
2231 2766 2312 2819 pr.
2360 2766 2406 2803 v.
2442 2777 2512 2788 —-
2561 2752 2745 2801 autem

553 2834 905 2905 (secundum)
959 2851 1004 2892 c.
1051 2835 1116 2889 D.
1166 2838 1317 2899 vat..
1359 2851 1503 2891 ⁴vero
1554 2837 1638 2891 ed.
1678 2852 1761 2905 pr.
1795 2852 1842 2891 v.
1878 2866 1947 2876 —
2018 2839 2067 2892 2.
2106 2840 2153 2889 3.
2189 2833 2403 2890 candidi
2439 2839 2494 2887 et
2525 2830 2745 2887 rotundi

554 2921 648 2983 (cf.
683 2922 792 2991 gr.)
827 2935 872 2975 c.
908 2920 977 2980 D.
1012 2919 1094 2976 ed.
1129 2936 1211 2990 pr.
1243 2938 1320 2987 v.,
1354 2921 1573 2975 rotundi
1611 2927 1666 2975 et
1702 2921 1919 2976 candidi
1956 2924 2078 2977 vat.
2112 2951 2175 2961 —
2250 2923 2297 2975 3.
2336 2926 2661 2975 structuram
2694 2932 2745 2973 c.

554 3010 685 3066 vat.
719 3006 802 3071 ed.
841 3024 922 3077 pr.
955 3023 1034 3070 v.,
1089 3012 1360 3062 structura
1394 3007 1459 3061 D.
1511 3036 1581 3047 -
1647 3010 1697 3059 4.
1751 3007 2027 3063 venientes
2061 3022 2110 3065 c.
2148 3005 2217 3063 D.
2256 3009 2411 3069 vat„
2443 3004 2744 3059 incidentes

555 3086 640 3149 ed.
683 3100 762 3161 pr.
812 3110 862 3149 v.
908 3120 976 3131 -
1048 3097 1093 3145 5.
1129 3092 1217 3147 via
1265 3108 1314 3149 c.
1348 3092 1413 3148 D.
1452 3093 1603 3156 Vat.‚
1668 3091 1811 3148 viam
1848 3093 1929 3147 ed.
1962 3110 2043 3162 pr.
2075 3112 2123 3149 v..
2159 3122 2227 3135 -
2279 3090 2419 3146 volvi
2466 3108 2512 3147 c.
2548 3089 2612 3144 D.
2656 3088 2739 3144 ed.

551 3194 634 3248 pr.
667 3196 732 3238 v..
768 3194 870 3234 om.
910 3180 1031 3233 Vat.
1066 3207 1134 3217 —
1172 3181 1218 3231 6.
1254 3178 1432 3246 ignem
1467 3192 1512 3231 c.
1550 3178 1675 3233 Vat-
1715 3177 1799 3233 ed.
1835 3194 1915 3248 pr.
1950 3196 2017 3241 v.,
2052 3178 2175 3247 igne
2208 3176 2274 3231 D.
2310 3204 2379 3216 —
2414 3181 2595 3230 autem
2628 3174 2744 3243 (se-

552 3263 811 3327 cundum)
859 3278 903 3318 c.
937 3264 1002 3317 D.
1047 3266 1193 3331 vat..
1245 3280 1350 3320 om.
1386 3262 1470 3319 ed.
1506 3280 1587 3332 pr.
1624 3282 1675 3321 v.
1709 3294 1778 3307 --
1849 3265 1896 3319 7.
1943 3278 2139 3332 aquam
2189 3278 2233 3317 c.
2276 3264 2395 3317 vat.
2430 3261 2519 3319 ed.
2551 3275 2635 3328 pr.
2672 3276 2742 3323 v.,

551 3364 724 3418 aquas
756 3349 822 3403 D.
856 3376 925 3389 -
976 3364 1082 3403 non
1115 3366 1163 3407 c.
1197 3348 1266 3407 D.
1303 3351 1455 3414 Vnt,
1510 3364 1611 3404 nec
1648 3350 1730 3405 ed.
1763 3366 1844 3419 pr.
1880 3368 1928 3405 v.
1966 3376 2035 3389 —-
2085 3349 2143 3401 in
2178 3363 2373 3417 aquam
2408 3362 2455 3401 c.
2498 3347 2617 3402 Vat.
2655 3346 2740 3400 ed.

551 3452 632 3505 pr.
670 3454 742 3501 v.,
777 3435 836 3489 in
875 3448 1046 3503 aquas
1080 3434 1146 3490 D.
1184 3463 1247 3473 —

690 3525 739 3575 9.
786 3519 922 3575 haec
967 3519 1097 3573 mihi
1147 3537 1190 3575 c.
1232 3522 1350 3575 Vat.
1387 3519 1473 3577 ed.
1508 3537 1587 3589 pr.
1623 3539 1705 3585 v..
1753 3520 1886 3574 mihi
1919 3520 2023 3575 hec
2054 3521 2120 3577 D.
2155 3550 2225 3561 —
2274 3535 2555 3576 recurrere
2588 3520 2745 3588 (ἀνα-

549 3607 776 3677 τρέχειν)
810 3622 857 3662 0.
895 3604 954 3663 Ο.
991 3606 1058 3662 D.
1079 3604 1140 3659 G.
1181 3608 1321 3673 Van,
1355 3606 1611 3662 recedere
1649 3606 1731 3661 ed.
1764 3622 1843 3675 pr.
1878 3625 1928 3661 v.
1962 3636 2032 3646 —
2065 3610 2151 3663 10.
2185 3622 2294 3662 non
2334 3605 2473 3659 scire
2506 3620 2554 3663 c.
2590 3604 2743 3659 codd.

549 3708 616 3756 v„
651 3691 791 3745 scire
827 3690 912 3747 ed.
947 3706 1028 3759 pr.
1063 3716 1132 3733 -
1171 3694 1253 3745 11.
1290 3698 1416 3747 sunt
1451 3693 1648 3761 (ἔστιν)
1683 3706 1731 3749 c.
1749 3691 1814 3745 D.
1836 3693 1977 3756 Vat,
2016 3692 2125 3747 sint
2141 3691 2225 3746 ed.
2241 3707 2319 3760 pr.
2339 3708 2391 3745 v.
2412 3720 2482 3735 -—
2517 3691 2618 3747 hec
2651 3705 2743 3745 res

547 3776 614 3830 D.
635 3804 694 3813 -
736 3776 870 3830 dixit
903 3791 948 3832 c.
974 3778 1093 3831 Vnt.
1131 3776 1217 3834 ed.
1252 3792 1336 3845 pr.
1360 3795 1438 3852 -v.,
1476 3777 1765 3834 dixiD.--
1804 3780 1882 3834 12.
1920 3794 1987 3832 ea
2012 3778 2103 3845 qui
2124 3778 2187 3831 D.
2210 3808 2279 3819 —
2350 3780 2438 3833 15.
2458 3775 2675 3845 quidam
2694 3790 2739 3831 c.

517 3862 614 3917 Ἰ).
637 3861 717 3916 ed.
740 3878 817 3929 pr.
852 3880 918 3927 v.,
951 3861 1167 3931 quidem
1186 3862 1307 3917 Vat.
1338 3893 1407 3903 —
1442 3862 1530 3917 his
1562 3862 1692 3919 c.D.
1717 3865 1834 3919 Vat.
1869 3864 1954 3921 ed.
1990 3880 2101 3932 pr.,
2156 3862 2237 3917 eis
2253 3881 2389 3918 v.—
2444 3864 2525 3917 16.
2560 3869 2618 3915 et
2650 3860 2741 3914 isti

546 3952 654 4013 (καὶ
689 3942 851 4010 οὗτοι)
885 3963 928 4002 0.
951 3946 1010 4004 C.
1045 3947 1109 4005 G.
1134 3948 1338 4012 DresS„
1373 3948 1467 4002 isti
1484 3947 1552 4004 D.
1571 3949 1715 4011 Vnt..
1751 3956 1807 4003 et
1838 3950 1919 4003 illi
1938 3948 2021 4004 ed.
2043 3964 2127 4018 pr.
2143 3966 2280 4005 v.-—
2320 3949 2399 4003 1⁷.
2437 3946 2741 4002 similitudi·

547 4047 672 4087 nem
706 4048 750 4087 c.
784 4030 852 4087 D.
895 4034 1016 4088 Vat.
1051 4034 1266 4099 DresS.,
1317 4034 1385 4089 de
1423 4033 1771 4090 similitudine
1802 4034 1888 4089 ed.
1924 4034 2008 4103 pr.
2044 4052 2094 4091 v.
2132 4064 2195 4075 -
2270 4037 2351 4089 18.
2390 4033 2570 4089 omnia
2602 4032 2739 4087 haec

547 4117 671 4173 add.
705 4125 794 4173 vet
826 4118 922 4173 int.
960 4146 1025 4158 —
1059 4118 1190 4173 mihi
1225 4133 1270 4175 c.
1304 4119 1373 4177 D.
1416 4118 1500 4173 ed.
1535 4134 1616 4186 pr.
1648 4135 1727 4185 v„
1764 4135 1866 4175 om.
1907 4122 2025 4175 vat.
2063 4148 2128 4161 -
2164 4119 2233 4173 de
2265 4118 2593 4174 revelatione
2626 4132 2740 4171 mo-

545 4202 736 4259 lestior
769 4219 890 4260 esse
925 4204 1036 4259 noli
1067 4220 1116 4259 c.
1142 4206 1260 4259 Vat.
1295 4204 1483 4271 (nolui)
1518 4204 1601 4259 ed.
1634 4221 1714 4274 pr.
1734 4223 1807 4273 v.‚
1844 4205 2121 4261 molestior
2154 4206 2224 4260 de
2240 4220 2349 4259 rev.
2385 4218 2507 4259 esse
2541 4202 2650 4259 noli
2671 4203 2740 4258 D.
