3003 5080
559 482 684 547 1⁹62
1544 481 1753 539 Pastor.

555 665 613 719 et
671 660 1022 720 consumma
1077 657 1258 721 illud:
1318 660 1659 743 quicunque
1717 667 1915 722 autem
1961 657 2138 721 huius
2181 656 2457 719 mandata
2500 653 2744 738 faciunt,

553 760 860 824 habebunt
931 761 1146 843 vitam,
1220 772 1279 825 et
1342 765 1439 827 hic
1497 764 1656 846 apud
1718 763 2027 825 dominum
2090 780 2369 841 magnum
2430 761 2743 821 honorem.

555 864 899 945 quicunque
943 884 1080 927 vero
1126 865 1303 929 huius
1347 868 1625 929 mandata
1666 886 1789 928 non
1834 873 2089 949 servant,
2134 866 2343 945 fugant
2382 882 2414 925 a
2458 883 2521 925 se
2564 864 2744 925 vitam

553 976 614 1029 et
654 974 1000 1029 aversantur
1040 967 1243 1044 illum,
1286 970 1400 1049 [hic
1443 979 1641 1034 autem
1686 970 1842 1051 apud
1887 969 2063 1030 deum
2110 986 2285 1029 suum
2331 968 2511 1029 habet
2553 967 2747 1028 hono-

407 1124 412 1127 .
493 1070 682 1135 5rem
726 1090 922 1134 suum.
964 1071 1304 1153 quicunque
1349 1092 1492 1153 ergo
1539 1081 1935 1136 contemnunt
1974 1068 2130 1149 e‘um]
2178 1089 2288 1131 nec
2318 1071 2593 1133 mandata
2618 1070 2746 1131 eius

554 1183 924 1256 sequuntur,
990 1175 1168 1237 morti
1210 1195 1274 1237 se
1317 1178 1594 1252 tradunt,
1652 1186 1712 1239 et
1750 1173 2160 1254 unusquisque
2203 1190 2412 1237 eorum
2454 1193 2592 1236 reus
2633 1174 2747 1235 erit

553 1278 859 1357 sanguinis
903 1279 1015 1340 sui.
1062 1280 1170 1341 tibi
1214 1289 1410 1342 autem
1457 1280 1623 1355 dice,
1666 1287 1736 1340 ut
1776 1278 1995 1340 servias
2039 1277 2330 1339 mandatis
2370 1278 2498 1359 his,
2544 1286 2603 1339 et
2646 1296 2744 1338 re-

551 1381 814 1443 medium
870 1389 1252 1463 vpeccatorum
1311 1383 1575 1445 habebiS.
1668 1380 1840 1443 ³misi
1902 1389 2098 1443 autem
2156 1380 2258 1440 tibi
2318 1380 2423 1442 has
2465 1380 2744 1459 virgineS,

550 1495 619 1546 ut
660 1484 930 1548 habitent
969 1495 1187 1549 tecum.
1226 1486 1341 1549 vidi
1388 1487 1549 1548 enim
1594 1506 1691 1548 eas
1733 1484 1991 1547 affabiles
2034 1483 2139 1546 tibi
2183 1502 2331 1545 esse.
2373 1483 2555 1545 hahes
2598 1502 2743 1563 ergo

453 1588 534 1652 10
553 1605 652 1649 eas
694 1588 1040 1664 adiutriceS,
1107 1608 1224 1671 quo
1269 1590 1454 1670 magis
1498 1589 1690 1672 possis
1734 1589 1912 1651 huius
1956 1588 2234 1650 mandata
2272 1605 2539 1663 servare3
2616 1606 2743 1648 non

547 1699 748 1771 potest
789 1692 948 1753 enim
993 1694 1153 1775 fieri,
1219 1704 1286 1757 ut
1327 1694 1456 1756 sine
1497 1693 1590 1755 bis
1635 1691 1959 1773 virginibus
2001 1692 2146 1753 haec
2190 1690 2466 1752 mandata
2502 1708 2745 1751 serven-

548 1803 666 1856 tur.
712 1794 879 1857 video
925 1804 1121 1857 autem
1168 1816 1267 1859 eas
1310 1796 1570 1858 libenter
1612 1814 1740 1857 esse
1783 1804 2017 1871 tecum,
2084 1795 2187 1856 sed
2230 1812 2349 1875 ego.
2384 1792 2740 1874 praecipiam

549 1898 663 1979 εἰς,
736 1906 803 1959 ut
860 1898 1106 1962 omnino
1164 1920 1198 1962 a
1255 1901 1434 1962 domo
1489 1908 1591 1961 tua
1650 1918 1772 1959 non
1819 1898 2140 1959 discedant.
2187 1906 2253 1959 tu
2295 1904 2530 1959 tantum
2574 1914 2745 1978 com-¹

547 2000 770 2063 munda
831 2001 1075 2064 domum
1134 2010 1336 2080 tuam3
1410 2004 1472 2065 in
1525 2003 1750 2065 munda
1796 2001 1949 2063 enim
1997 2001 2176 2061 domo
2220 2001 2471 2063 libenter
2514 1999 2746 2062 habita-

451 2104 532 2170 15
549 2105 722 2167 bunt.
781 2105 1038 2168 mundae
1098 2115 1242 2168 sunt
1300 2102 1460 2168 enim
1504 2116 1680 2187 atque
1723 2112 1923 2168 castae'
1961 2114 2020 2165 et
2059 2104 2387 2166 industriae
2431 2114 2491 2166 et
2531 2122 2746 2166 omnes

550 2207 836 2270 habentes
898 2208 1146 2289 gratiam
1203 2209 1362 2291 apud
1423 2210 1754 2271 dominum.
1825 2208 2004 2288 igitur
2043 2207 2092 2269 si
2137 2207 2454 2270 habuerint
2494 2208 2745 2270 domum

553 2321 716 2374 tuam
773 2331 1021 2393 puram,
1091 2320 1289 2373 tecum
1332 2312 1787 2393 permanebunt.
1856 2312 1904 2372 si
1948 2319 2146 2373 autem
2191 2311 2475 2391 pusillum
2518 2308 2746 2391 aliquid

548 2414 976 2495 inquinationis
1047 2415 1361 2491 acciderit,
1429 2416 1704 2499 protinus
1765 2435 1825 2481 a.
1858 2415 2035 2477 domo
2101 2422 2202 2477 tua
2258 2415 2555 2478 recedent.
2627 2414 2747 2474 hae

689 2552 737 2604 1.
783 2565 1096 2606 consumma
1136 2550 1273 2606 illud
1312 2549 1408 2620 (cf.
1443 2547 1591 2621 Pal.)
1635 2565 1679 2606 c.
1732 2549 1819 2605 ed.
1864 2566 1947 2619 pr.
1992 2567 2067 2618 v.‚
2121 2563 2440 2605 consumare
2480 2547 2619 2602 illud
2650 2547 2745 2614 D.‚

543 2650 922 2692 consummare
955 2637 1014 2692 in
1046 2637 1184 2691 illud
1217 2637 1344 2693 Vat.
1383 2667 1455 2678 —-
1484 2637 1645 2693 huius
1678 2636 1940 2692 mandata
1974 2637 2185 2692 faciunt
2217 2652 2262 2691 e.
2298 2637 2367 2691 D.
2399 2636 2544 2702 Vat„
2576 2633 2748 2690 huius

545 2722 810 2777 mandata
845 2723 1093 2779 efficiunt
1127 2723 1212 2778 ed.
1241 2715 1358 2793 'pr.‚
1389 2722 1654 2779 mandata
1686 2723 1846 2778 huius
1882 2727 2219 2792 exequuntur
2251 2739 2299 2776 v.
2334 2752 2407 2764 --
2474 2725 2522 2775 2.
2558 2724 2617 2775 et
2648 2717 2745 2774 hic

547 2824 593 2863 c.
630 2809 696 2862 D.
736 2808 864 2865 Vat.
909 2809 994 2864 ed.
1036 2826 1118 2880 pr.
1154 2810 1368 2878 Dress„
1423 2814 1483 2865 et
1524 2810 1617 2864 hic
1663 2815 1721 2866 et
1755 2809 1889 2877 Cot„
1924 2810 1982 2863 id
2018 2814 2105 2864 est
2137 2810 2200 2864 L.
2234 2839 2305 2850 —
2371 2811 2423 2864 3.
2473 2807 2672 2875 fugant
2706 2823 2745 2861 a

543 2909 604 2948 se
638 2894 808 2950 Vitam
842 2896 1204 2968 (ὄκτρέπονται
1245 2898 1403 2966 ζωὴν)
1438 2912 1483 2951 c.
1520 2897 1588 2952 D.
1622 2897 1685 2952 L.
1718 2897 1873 2963 Vah,
1927 2895 2144 2964 fugiunt
2178 2911 2213 2950 a
2246 2910 2347 2951 sua
2376 2894 2495 2949 Vita
2531 2891 2618 2948 ed.
2651 2908 2743 2962 pr.

540 2996 589 3035 v.
625 2980 767 3049 (vita
803 2984 928 3052 sua)
962 2981 1080 3036 Pal.
1115 3013 1186 3022 —
1252 2987 1302 3036 4.
1345 2987 1668 3038 aversantur
1700 2983 1855 3037 illum
1890 2982 1985 3053 (cf.
2022 2982 2169 3052 Pal.)
2205 2981 2440 3046 emend„
2477 2979 2745 3034 adversus

539 3067 695 3121 illum
730 3069 796 3122 D:
832 3069 895 3122 L.
931 3069 1083 3136 Vat.,
1121 3068 1481 3124 adversantur
1514 3069 1597 3123 illi
1632 3069 1716 3124 ed.
1756 3086 1839 3138 pr.
1875 3087 1925 3124 v.
1962 3099 2027 3109 —
2107 3071 2159 3122 4.
2196 3072 2243 3121 5.
2276 3066 2493 3123 uncinis
2524 3065 2744 3120 inclusa

541 3155 790 3223 supplevi
819 3170 852 3209 e
870 3155 1007 3221 Pal.‚
1043 3154 1231 3209 addito
1263 3171 1376 3211 voe.
1412 3156 1601 3211 habet.
1635 3185 1706 3196 --
1750 3159 1796 3210 5.
1836 3157 1883 3210 6.
1918 3171 2023 3210 nec
2058 3154 2319 3210 mandata
2352 3153 2473 3209 eius
2506 3166 2744 3220 sequun-

537 3243 633 3295 tur
665 3256 709 3295 c.
737 3242 804 3297 D.
841 3243 902 3297 L.
923 3241 1070 3308 Vat.‚
1103 3245 1162 3296 et
1196 3241 1287 3309 qui
1319 3240 1583 3296 mandata
1616 3243 1734 3296 eius
1767 3259 1879 3297 non
1916 3245 2216 3311 sequuntur
2248 3240 2332 3295 ed.
2368 3256 2452 3309 pr.
2486 3255 2537 3294 v.
2570 3268 2641 3279 --
2690 3241 2740 3292 6.

538 3326 764 3382 tradent
809 3327 895 3382 ed.
934 3328 1033 3382 Ox.
1079 3358 1146 3368 —
1209 3342 1395 3382 eorum
1444 3343 1490 3382 c.
1525 3328 1653 3385 Vat.
1694 3327 1780 3384 ed.
1813 3346 1897 3399 pr.
1928 3345 2003 3396 v.‚
2057 3345 2161 3384 om.
2196 3328 2265 3382 D.
2308 3357 2379 3368 --
2448 3329 2496 3380 7.
2528 3325 2742 3382 servias

537 3413 815 3470 mandatis
855 3413 943 3468 his
987 3429 1032 3468 c.
1070 3413 1126 3470 O.
1162 3415 1228 3469 D.
1264 3415 1327 3469 L.
1364 3414 1492 3471 Vat.
1530 3414 1767 3484 (servas)
1802 3415 1944 3471 Vict.
1981 3415 2065 3470 ed.
2102 3431 2185 3484 pr.
2221 3413 2317 3485 (cf.
2353 3413 2515 3482 Pal.),
2550 3425 2742 3468 serves

537 3499 799 3557 mandata
831 3500 970 3555 haec
1001 3516 1049 3554 v.
1084 3529 1156 3541 —-
1201 3504 1250 3554 8.
1286 3504 1636 3569 peccatorum
1671 3516 1717 3555 c.
1756 3501 1824 3555 D.
1859 3502 1922 3556 L.
1959 3503 2084 3558 Vat.
2121 3502 2206 3558 ed.
2246 3516 2348 3573 pr„
2386 3502 2743 3569 peccatorum

535 3589 754 3641 tuorum
788 3587 1024 3642 omnium
1058 3603 1107 3641 v.
1143 3615 1215 3628 —-
1245 3587 1352 3642 tibi
1384 3586 1487 3642 has
1522 3586 1759 3654 virgines
1794 3587 1889 3654 (cf.
1923 3589 2071 3658 Pal.)
2110 3605 2156 3643 c.
2192 3587 2278 3643 ed.
2312 3603 2396 3656 pr.
2430 3602 2505 3653 v.,
2540 3585 2740 3640 turbas

533 3672 802 3741 virginum
835 3673 902 3728 D.
935 3674 998 3728 L.
1035 3672 1161 3728 Vat.
1195 3703 1267 3714 —-
1335 3675 1384 3726 9.
1419 3687 1518 3728 eas
1551 3672 1801 3729 affabiles
1837 3690 1882 3728 e.
1917 3675 1985 3729 D.
2020 3676 2146 3731 Vat.
2190 3672 2277 3729 ed.
2309 3689 2410 3743 pr„
2445 3688 2541 3730 eas
2574 3673 2741 3728 valde

537 3756 788 3815 affabiles
807 3775 856 3814 v.
881 3766 953 3804 ·'·-
987 3773 1108 3814 esse
1145 3772 1240 3814 eas
1257 3759 1384 3816 Vat.
1409 3788 1475 3802 -
1512 3762 1665 3814 9.10.
1700 3761 1871 3816 habes
1908 3777 2037 3829 ergo
2058 3776 2152 3816 eas
2172 3776 2217 3816 c.
2235 3761 2303 3815 D.
2324 3761 2408 3815 ed.
2427 3777 2528 3830 pr„
2560 3760 2740 3817 habes

535 3845 679 3900 enim
716 3860 813 3901 eas
833 3845 979 3913 Vat„
1012 3845 1243 3902 habebis
1276 3845 1446 3914 igitur
1479 3852 1544 3903 tu
1578 3863 1675 3904 eas
1704 3865 1751 3903 v.
1770 3848 1963 3918 (igitur
1983 3864 2087 3902 om.
2109 3848 2289 3917 L.)--
2327 3849 2406 3901 12.
2423 3847 2585 3902 video
2605 3862 2653 3902 c.
2678 3847 2739 3901 G.

534 3929 601 3984 D.
620 3932 683 3985 L.
704 3931 832 3988 Vat.
853 3933 994 3989 Vict.
1017 3931 1152 3999 Cot„
1187 3929 1338 3987 vides
1373 3932 1457 3987 ed.
1498 3951 1582 4003 pr.
1601 3936 1788 3991 Dress.
1808 3965 1880 3976 -
1915 3933 2012 3989 sed
2048 3947 2149 4002 ego
2186 3950 2231 3988 c.
2249 3934 2317 3988 D.
2352 3933 2480 3990 Vat.
2516 3933 2601 3987 ed.
2630 3949 2740 4002 pr„

534 4016 633 4072 sed
650 4022 708 4073 et
727 4033 827 4088 ego
845 4035 895 4074 v.
912 4049 984 4061 --
1023 4010 1102 4084 1'3.
1127 4020 1206 4072 14.
1241 4021 1305 4073 tu
1320 4020 1536 4075 tantum
1556 4021 1878 4076 commanda
1895 4019 2110 4075 domum
2126 4025 2279 4076 tuam
2298 4035 2344 4076 c.
2362 4019 2425 4074 L.
2448 4019 2742 4090 (emunda)

531 4103 660 4159 Vat.
694 4104 779 4159 ed.
810 4121 893 4175 pr.
929 4122 998 4172 v.,
1031 4107 1094 4160 tu
1128 4108 1312 4161 autem
1347 4105 1563 4162 domum
1596 4111 1748 4164 tuam
1783 4107 2049 4163 comunda
2065 4108 2220 4161 D.—-
2258 4110 2337 4161 15.
2374 4110 2505 4161 sunt
2522 4106 2673 4161 enim
2692 4123 2739 4162 c.

531 4189 660 4247 Vat.
680 4190 764 4246 ed.
784 4208 867 4261 pr.
887 4210 954 4261 v.,
989 4191 1134 4246 enim
1169 4195 1299 4248 sunt
1315 4192 1471 4247 D.—-
1504 4209 1708 4251 omnes.
1726 4195 1844 4251 Pal.
1881 4197 2234 4249 cunctam.--
2272 4197 2351 4248 16.
2373 4192 2654 4248 dominum
2692 4210 2738 4247 c.

530 4277 597 4331 D.
619 4277 706 4332 ed.
723 4294 804 4349 pr.
823 4295 891 4348 v„
927 4279 1087 4336 deum
1103 4279 1231 4336 Vat.
1247 4307 1320 4325 ·-·
1345 4280 1647 4338 habuerint
1681 4298 1725 4338 c.
1746 4280 1809 4336 L.
1828 4279 1955 4336 Vat.
1990 4279 2087 4350 (cf.
2105 4281 2250 4350 Pal.)
2269 4281 2477 4348 Dress.,
2512 4280 2739 4338 habita-

530 4364 708 4420 verint
723 4364 808 4434 D.,
842 4365 1103 4422 habueris
1135 4365 1222 4422 ed.
1259 4381 1342 4436 pr.
1377 4383 1426 4422 v.
1453 4395 1524 4410 ·--
1562 4371 1641 4424 18.
1676 4367 1937 4426 recedent
1968 4383 2015 4422 c.
2035 4366 2103 4422 D.
2136 4365 2223 4422 ed.
2259 4383 2344 4438 pr.
2362 4383 2428 4436 v.‚
2464 4366 2739 4425 recedunt

452 5040 668 5059 -.....
711 4906 929 5066 s
