3003 5080
527 345 617 414 60
1525 350 1735 409 Pastor.

531 527 954 608 poenitentiam
1025 535 1240 608 agunt,
1313 528 1639 589 consulunt
1692 536 1998 607 tamquam
2054 529 2273 590 ethnici
2318 537 2379 590 et
2430 547 2739 609 magnum

533 630 643 692 sihi
699 639 1007 711 peccatum
1062 631 1333 692 inferunt
1385 631 1559 692 idolis
1614 632 1956 694 servientes.
2010 631 2349 712 quicunque
2392 651 2533 714 ergo
2577 634 2747 694 tales

533 743 710 809 sunt,
765 733 1135 814 interrogant
1177 754 1288 816 pro
1333 735 1574 814 negotio
1620 734 1915 816 quolibet,
1989 735 2371 798 simulacrum
2415 737 2629 798 colunt
2678 746 2749 798 et

537 838 700 899 stulti
755 845 896 899 sunt
928 846 990 899 et
1031 839 1241 900 inanes
1283 859 1316 899 a
1359 837 1623 900 veritate.
1666 838 1861 900 omnis
1903 838 2059 900 enim
2108 840 2346 920 spiritus
2388 861 2423 901 a
2464 841 2577 901 deo
2620 841 2747 902 da-

471 933 522 1012 ,5
540 950 637 1003 tus
712 961 833 1002 non
900 942 1336 1021 interrogatur,
1407 943 1512 1003 sed
1568 942 1796 1003 habens
1852 945 2130 1005 virtutem
2193 944 2510 1006 divinitatis
2568 965 2603 1005 a
2674 965 2751 1006 se

541 1045 736 1106 omnia
795 1046 1093 1126 loquitur,
1168 1045 1304 1124 quia
1361 1046 1434 1107 de
1491 1065 1741 1107 sursum·
1776 1055 1865 1107 est
1904 1065 1939 1107 a
1982 1047 2197 1108 virtute
2240 1049 2420 1110 divini
2464 1049 2751 1128 spiritus.

539 1150 640 1230 qui
682 1159 880 1211 autem
925 1150 1322 1228 interrogatus
1363 1149 1631 1227 loquitur
1658 1149 1987 1212 seeundum
2019 1151 2394 1227 desiderium,
2437 1151 2754 1215 terrestris

539 1265 627 1316 est
671 1263 730 1315 et
774 1253 918 1314 levis
959 1261 1018 1313 et
1058 1251 1332 1314 virtutem
1381 1272 1506 1315 non
1550 1253 1728 1315 habet
1767 1253 1831 1315 in
1872 1261 2065 1315 totum
2096 1264 2155 1316 et
2181 1256 2367 1318 multa
2399 1257 2752 1336 loquitur“.

542 1367 602 1420 et
657 1357 808 1418 dixi:
885 1356 1240 1433 „Quomodo
1299 1376 1443 1436 ergo
1508 1356 1659 1418 seire
1700 1367 1900 1438 potest
1939 1359 2151 1438 aliquis
2195 1359 2387 1424 eos“?
2474 1360 2755 1441 „Audi“‚

443 1454 771 1540 10inquit,
837 1460 951 1536 „de
995 1459 1260 1540 utrisque
1304 1461 1533 1522 vatibus
1550 1507 1567 1542 ,
1641 1470 1701 1522 et
1740 1461 1894 1524 sieut
1936 1462 2067 1523 dieo
2111 1463 2216 1524 tihi
2236 1509 2253 1544 ‚
2328 1464 2412 1524 sie
2451 1463 2755 1545 probabis

542 1565 894 1646 prophetem
949 1563 1040 1624 dei
1097 1571 1158 1624 et
1213 1564 1424 1625 salsum
1485 1568 1857 1646 prophetem.
1921 1567 2182 1647 primum
2246 1568 2318 1628 de
2373 1567 2488 1628 vita
2542 1567 2758 1648 proha

543 1667 850 1730 hominem
869 1714 886 1743 ‚
941 1667 1041 1748 qui
1086 1667 1264 1728 habet
1307 1667 1578 1748 spiritum
1626 1669 1736 1730 dei.
1784 1669 1919 1747 quia
1964 1669 2203 1751 spiritus
2246 1671 2319 1731 de
2360 1691 2602 1733 sursum
2652 1681 2757 1734 oet

551 1771 784 1851 quietus
851 1781 912 1834 et
964 1770 1206 1832 humilis
1263 1781 1322 1834 et
1378 1772 1603 1834 recedit
1657 1773 1729 1834 ab
1789 1773 1957 1834 omni
2013 1775 2275 1852 nequitia
2332 1785 2391 1837 et
2445 1777 2756 1839 desiderio

548 1875 726 1938 huius
768 1876 950 1938 seculi
992 1894 1145 1936 vano
1191 1882 1250 1936 et
1291 1876 1559 1937 omnium
1606 1877 1922 1938 hominum
1970 1877 2109 1939 facit
2148 1897 2211 1939 se
2256 1879 2637 1941 humiliorem
2693 1890 2759 1942 et

451 1976 533 2042 15
549 1979 772 2041 nemini
847 1979 1169 2060 respondet
1241 1978 1642 2059 interrogatus
1714 2001 1829 2042 nee
1898 1980 2149 2061 singulis
2204 1982 2559 2063 respondet,
2636 2003 2758 2045 ne-

691 2171 740 2226 1.
773 2169 1064 2224 consulunt
1095 2183 1145 2225 e.
1178 2168 1308 2227 Vat.
1341 2166 1428 2223 ed.
1459 2181 1544 2237 pr.
1576 2184 1656 2232 ι,
1699 2171 1757 2222 et
1786 2167 2079 2223 consulunt
2108 2167 2177 2223 D.
2208 2197 2280 2208 —
2308 2183 2562 2238 magnum
2592 2185 2642 2225 e.
2684 2173 2757 2222 D.

548 2255 672 2314 vat.
708 2256 793 2311 ed.
830 2271 915 2325 pr·
931 2296 946 2320 ‚
999 2271 1353 2326 permagnum
1383 2271 1436 2309 V·
1490 2281 1561 2296 -
1629 2256 1682 2311 2.
1734 2252 1975 2310 inferunt
2008 2256 2381 2326 (ἐπιφέρουσιν)
2414 2269 2462 2310 0.
2493 2255 2561 2309 D.
2600 2257 2759 2324 vat,

550 2342 834 2400 conferunt
863 2342 952 2408 L.,
1005 2346 1302 2412 congerunt
1346 2341 1430 2396 ed.
1463 2356 1549 2411 pr.
1582 2358 1629 2397 v.
1684 2368 1755 2380 -
1822 2341 1869 2394 3.
1904 2341 2251 2396 simulacrum
2282 2343 2466 2398 colunt
2498 2343 2761 2411 (εἰδωλο-

552 2429 884 2501 λατροῠντες)
918 2445 963 2484 c.
996 2430 1154 2496 Vah,
1209 2427 1436 2484 simulac
1469 2437 1577 2497 que
1610 2427 1792 2484 colunt
1823 2429 1914 2494 D.‚
1968 2427 2296 2484 simulachra
2327 2429 2511 2484 colunt
2544 2429 2631 2487 ed.
2670 2445 2759 2499 pr.

552 2535 602 2573 v.
646 2546 706 2555 —-
777 2520 827 2571 4.
865 2515 1009 2573 enim
1053 2516 1204 2589 (γὰρ)
1237 2531 1282 2571 c.
1320 2513 1403 2571 ed.
1437 2509 1525 2585 pr.
1560 2531 1640 2582 ι,
1690 2530 1798 2573 om.
1828 2514 1896 2571 D.
1930 2515 2058 2573 Vat.
2092 2548 2163 2558 —
2232 2519 2282 2572 4.
2316 2519 2363 2571 5.
2400 2515 2560 2571 datus
2596 2533 2644 2574 e-
2686 2516 2759 2571 D.

555 2605 638 2660 ed.
675 2619 754 2675 pr.
787 2622 840 2662 v.
854 2646 868 2671 ‚
909 2604 1070 2661 datur
1102 2604 1224 2660 Vat.
1259 2634 1329 2643 -—
1399 2606 1447 2659 5.
1486 2602 1738 2659 virtutem
1774 2619 1817 2659 e.
1853 2605 1913 2655 D.
1946 2603 2073 2658 Vat.
2109 2603 2193 2658 ed.
2225 2620 2305 2673 pr.
2341 2622 2415 2669 v.,
2464 2604 2757 2660 veritatem

553 2692 620 2751 Ιι.
652 2724 724 2734 -
762 2692 1127 2762 interrogatus
1159 2705 1207 2744 e.
1242 2691 1367 2746 Vnt.
1403 2690 1487 2745 ed.
1524 2706 1607 2758 pr.
1642 2708 1708 2754 v.,
1742 2689 2076 2759 interrogata
2107 2690 2172 2745 D.
2212 2720 2278 2731 ·-
2348 2692 2523 2760 7—p.
2544 2694 2630 2755 61,
2669 2695 2756 2745 14.

557 2778 865 2845 „terrestris
909 2783 996 2833 est
1039 2784 1096 2833 et
1133 2777 1270 2835 levis
1319 2809 1383 2820 —-
1429 2792 1537 2831 non
1582 2776 1831 2832 convenit
1874 2776 2011 2831 haee
2054 2776 2237 2831 faeere
2278 2776 2366 2832 dei
2397 2778 2761 2847 prophetam“

557 2865 710 2921 eodd.
745 2866 862 2920 fere
896 2878 1084 2920 omnes
1120 2864 1373 2920 exhibent
1405 2862 1590 2920 Mami.
1622 2862 1742 2928 XII,
1782 2864 1807 2916 1
1850 2878 1901 2931 p.
1922 2864 2005 2927 64,
2032 2866 2081 2918 6.
2102 2864 2133 2915 7
2169 2870 2320 2932 post:
2356 2863 2549 2928 „morti
2583 2864 2760 2919 tradit

559 2967 746 3009 servos
777 2952 918 3016 dei“,
953 2952 1104 3008 solus
1135 2950 1216 3015 L.‚
1252 2965 1412 3020 quem
1443 2950 1629 3006 Dress.
1658 2954 1879 3005 secutus
1914 2954 2014 3013 est,
2050 2949 2241 3004 eadem
2280 2950 2430 3005 dedit
2452 2950 2638 3009 Mand.
2658 2950 2757 3003 XI.

558 3058 610 3111 p.
647 3043 732 3106 62,
769 3040 833 3093 1⁰
866 3042 1018 3106 post:
1051 3038 1276 3107 „quales
1309 3036 1548 3103 veniunt,
1580 3036 1722 3091 tales
1754 3036 2146 3092 inveniuntur“.
2181 3036 2271 3092 hic
2303 3037 2595 3093 inserenda
2630 3054 2757 3093 esse

561 3127 756 3183 docent
799 3139 1028 3195 graecus
1071 3129 1278 3188 textus,
1333 3122 1609 3179 versiones
1641 3121 1889 3177 Palatina
1935 3128 1996 3185 et*
2037 3122 2359 3191 aethiopica.
2399 3154 2466 3163 —
2536 3126 2586 3181 9.
2626 3140 2759 3193 ergo

563 3233 610 3271 e.
645 3215 710 3269 D.
743 3214 898 3276 Vat„
951 3210 1117 3279 igitur
1144 3210 1227 3265 ed.
1264 3226 1344 3279 pr.
1380 3227 1426 3264 v.
1467 3238 1531 3249 —
1604 3211 1684 3263 10.
1724 3209 1795 3263 de
1827 3208 2071 3278 utrisque
2105 3208 2319 3265 vatibus
2356 3213 2491 3278 (περὶ
2528 3212 2756 3280 ἀμφοτέ-

563 3326 665 3377 ρων
701 3310 808 3354 τῶν
845 3298 1147 3371 προφητῶν)
1184 3296 1390 3351 emend.
1408 3339 1422 3364 ,
1478 3295 1546 3351 de
1579 3295 1825 3365 utrisque
1860 3296 2007 3349 vasis
2043 3296 2108 3350 D.
2148 3296 2230 3364 (et
2263 3296 2349 3361 de)
2387 3296 2513 3351 Vat.
2548 3294 2635 3352 ed.
2670 3310 2757 3363 pr.

561 3408 610 3445 v.
644 3419 713 3428 —
786 3388 866 3441 11.
902 3383 1218 3454 prophetem
1251 3400 1298 3438 e.
1341 3384 1425 3449 D.‚
1458 3384 1777 3453 prophetam
1810 3383 1937 3437 Vat.
1977 3380 2060 3437 ed.
2095 3396 2177 3449 pr.
2213 3399 2260 3435 v.
2299 3412 2365 3425 --
2398 3380 2597 3435 falsum
2632 3396 2759 3449 pro-

564 3476 783 3546 phetem
830 3474 952 3541 (τὸν
1000 3471 1463 3543 ψευδοπροφήτην)
1513 3470 1749 3536 emend„
1803 3470 1901 3523 flr'n’
1941 3468 2260 3537 prophetem
2294 3472 2386 3531 D.‚
2438 3467 2757 3536 prophetam

564 3563 764 3619 falsum
800 3562 922 3615 Vat.
935 3600 950 3626 ‚
1004 3558 1212 3612 salvum
1256 3559 1576 3628 prophetam
1611 3556 1698 3613 ed.
1731 3572 1839 3625 pr.,
1895 3555 2095 3611 falsum
2128 3554 2447 3624 prophetam
2481 3572 2530 3609 v.
2565 3584 2636 3593 --
2690 3552 2758 3606 de

565 3650 679 3704 vita
721 3648 854 3716 (ἀπὸ
902 3654 992 3715 τῆς
1030 3646 1180 3713 ζωῆς)
1214 3645 1448 3709 emend.‚
1505 3644 1584 3700 ita.
1618 3644 1684 3697 D.
1724 3644 1846 3699 Vat.
1882 3642 1996 3698 Got.
2013 3684 2027 3709 ,
2079 3642 2263 3712 itaque
2295 3640 2435 3697 vict.
2472 3638 2553 3695 ed.
2589 3656 2675 3709 pr.
2708 3656 2756 3693 v.

567 3768 636 3776 —
672 3734 765 3804 qui
799 3732 965 3788 habet
997 3734 1118 3801 (τὸν
1154 3737 1370 3803 ἔχοντα)
1404 3749 1447 3788 c.
1487 3733 1611 3788 vat.
1647 3729 1731 3786 ed.
1763 3745 1865 3799 pr„
1892 3730 1939 3783 Si
1972 3730 2138 3785 habet
2173 3729 2241 3785 D.
2281 3758 2343 3767 -
2417 3730 2496 3780 12.
2532 3725 2602 3781 de
2640 3740 2759 3781 sur-

570 3838 691 3877 sum
729 3835 776 3875 e.
810 3822 871 3873 D.
906 3821 1031 3873 Vat.
1067 3819 1366 3889 (deorsus),
1402 3818 1496 3888 qui
1532 3818 1817 3872 desursum
1853 3823 1937 3871 est
1972 3816 2054 3871 ed.
2088 3831 2172 3883 pr.
2206 3833 2258 3872 v.
2298 3844 2358 3853 -
2434 3815 2513 3868 12.
2553 3813 2635 3865 13.
2676 3816 2758 3867 est

569 3908 787 3979 quietus
831 3923 878 3961 e.
915 3910 978 3963 D.
1021 3908 1141 3961 Vat.
1157 3946 1173 3970 ‚
1228 3906 1445 3975 quietus
1492 3910 1578 3959 est
1624 3903 1708 3959 ed.
1757 3920 1841 3971 pr.
1876 3920 1925 3956 v.
1969 3932 2033 3942 -
2107 3905 2187 3956 14.
2219 3899 2383 3956 huius
2418 3898 2588 3955 seculi
2620 3914 2755 3955 vano

569 4010 620 4051 e.
655 3995 721 4049 D.
757 3995 881 4049 Vat.
895 4034 912 4059 ,
969 4007 1107 4048 vano
1141 3991 1306 4047 huius
1340 3991 1546 4048 saeculi
1585 3990 1671 4047 ed.
1707 4005 1786 4058 pr.
1815 4008 1865 4045 v.
1903 4018 1970 4027 —
2033 3988 2269 4045 omnium
2303 3986 2579 4043 hominum
2612 4003 2657 4042 e.
2697 3986 2753 4036 D.

571 4083 697 4137 Vat.
730 4080 866 4135 Mss·
897 4078 1088 4148 Angl.,
1141 4078 1286 4135 omni
1330 4077 1545 4133 homine
1592 4075 1678 4133 ed.
1721 4093 1802 4144 pr.
1851 4092 1899 4130 v.
1936 4103 2004 4115 -
2056 4074 2190 4130 feeit
2223 4088 2283 4129 se
2318 4089 2363 4129 e.
2398 4076 2459 4127 D.
2494 4073 2644 4137 Vnt..
2699 4084 2758 4125 se

572 4168 706 4225 facit
740 4166 826 4226 ed.
861 4182 945 4236 pr.
978 4182 1030 4223 v.
1064 4196 1133 4207 —
1208 4166 1290 4218 15.
1328 4164 1694 4233 interrogatus
1730 4162 2182 4234 (ἐπερωτώμενος)
2216 4177 2266 4218 e.
2297 4162 2423 4216 Vat.
2457 4158 2542 4214 ed.
2573 4173 2661 4229 pr.
2694 4174 2755 4221 v„

1039 5069 1064 5071 fi
1089 5070 1279 5080 „fflss-a——r
1303 5064 1435 5074 ,>—.—---
1449 5059 1521 5071 ⁷⁷⁷⁷⁷
