3003 5080
1228 412 1527 468 Praefatio.
1939 372 1944 377 ⁸
2367 413 2469 474 vll

281 587 345 650 Α.
393 587 624 665 Lipsius
669 589 728 650 in
777 609 1031 651 censura
1078 589 1635 651 Tischendorfianae
1680 607 1924 668 graecae
1971 587 2243 648 editionis
2282 588 2465 664 (Lite-

281 693 400 733 rar.
448 673 838 737 Centralblatt
883 673 1078 752 1856,
1125 697 1182 738 11.
1227 675 1310 737 47
1353 696 1411 755 p.
1458 673 1586 737 747
1612 677 1760 753 sq.),
1827 675 1929 752 qui
1974 674 2127 735 hanc
2171 674 2465 734 recentio-

279 779 404 820 rem
467 760 1021 841 interpretationem
1083 763 1154 822 ab
1211 762 1533 840 antiquiori
1595 762 1693 824 illa
1747 761 1990 821 omnino
2038 780 2159 821 non
2203 761 2465 840 pendere

279 845 510 907 censuit
531 846 600 923 ¹).

489 933 762 1011 equidem
809 953 993 1011 quum
1037 933 1247 994 Ezram
1292 935 1647 1014 prophetam
1691 933 1929 994 ederem
1973 933 2035 992 in
2079 931 2265 992 libro:
2313 931 2465 991 Mes-

277 1018 392 1078 sias
437 1018 812 1090 Iudaeorum‚
862 1021 1016 1100 Lips.
1051 1017 1238 1093 1869,
1285 1040 1316 1080 a
1360 1041 1413 1082 v.
1462 1021 1535 1080 cl.
1583 1017 1872 1098 Lagardio
1920 1019 2257 1079 admonitus
2300 1017 2464 1078 codi-

277 1123 404 1164 cem
435 1104 826 1167 Dresdensem
874 1106 1118 1167 adhibui
1163 1107 1347 1184 (cf.·l.
1395 1107 1433 1168 1.
1481 1126 1542 1187 p.
1575 1105 1736 1166 XXX
1765 1108 1903 1183 sq.).
1990 1106 2154 1165 hunc
2197 1103 2462 1164 codicem

278 1190 461 1251 seculi
505 1191 640 1265 XV,
703 1192 801 1269 qui
848 1193 1158 1254 Pastorem
1203 1193 1360 1253 inter
1404 1193 1677 1254 Psalm'os
1724 1200 1783 1252 et
1824 1191 2149 1252 Proverbia
2192 1190 2462 1251 Salomo—

275 1276 367 1337 nis
411 1278 648 1339 exhibet
693 1282 774 1357 (p.
819 1277 1242 1356 247—266),
1287 1279 1569 1340 Vaticano
1617 1277 1812 1340 inveni
1860 1286 2200 1354 cognatum.
2288 1296 2462 1336 voca-

273 1363 556 1425 bulorum
615 1366 762 1424 ordo
823 1385 998 1445 saepe
1058 1365 1408 1438 invertitur,
1482 1366 1599 1426 iam
1660 1364 1865 1425 critico
1928 1363 2184 1440 quodam
2242 1363 2460 1423 iudicio

275 1449 468 1509 scriba
515 1470 660 1511 usus
704 1460 813 1525 est,
860 1451 1222 1513 variantibus
1268 1451 1625 1513 lectionibus
1668 1450 1975 1511 recensitis
1992 1448 2068 1526 2).
2146 1449 2324 1510 11111116
2351 1448 2460 1527 igi-

273 1545 374 1595 tur
445 1535 664 1596 codicis
734 1538 1096 1616 praestantia
1165 1538 1401 1616 cognita
1461 1539 1758 1598 variantes
1816 1536 2099 1597 lectiones
2156 1535 2460 1632 descripsi,

275 1628 340 1681 ut
385 1632 684 1701 oportuno
729 1631 1000 1703 tempore
1031 1624 1337 1685 Pastorem
1385 1624 1636 1686 latinum
1685 1623 1941 1685 ederem.
1987 1622 2217 1682 namin
2247 1640 2459 1700 graeco

273 1716 472 1782 textu,
549 1727 726 1786 quem
788 1730 819 1770 e
883 1710 1186 1771 codicibus
1246 1711 1529 1771 Sinaitico
1593 1719 1651 1771 et
1710 1709 1999 1788 Lipsiensi
2062 1708 2216 1769 edidi
2277 1707 2458 1854 (Ι11Ρ6ἒ

276 1790 496 1870 1866),
575 1795 791 1856 desunt
849 1797 1056 1857 ultima
1117 1797 1281 1870 (Sim.
1326 1797 1425 1870 IX,
1471 1795 1555 1859 30
1603 1817 1660 1876 p.
1713 1794 1855 1868 155,
1899 1796 1939 1857 7
1996 1795 2134 1856 inde
2178 1813 2209 1854 a
2254 1813 2417 1855 vocc.

271 1880 344 1940 de
403 1881 614 1941 ceteris
660 1882 963 1944 montibus
1018 1882 1365 1960 adiecisset).
1456 1892 1516 1945 et
1560 1883 1781 1961 gratiae
1823 1881 2128 1942 habendae
2174 1889 2315 1942 sunt
2358 1899 2458 1941 ve-

269 1967 380 2025 teri
427 1965 759 2046 interpreti,
808 1969 902 2030 cui
948 1988 1056 2049 per
1101 1977 1190 2030 tot
1233 1969 1430 2030 secula
1462 1970 1650 2030 solam
1680 1969 1863 2029 totius
1893 1967 2153 2029 Pastoris
2184 1966 2457 2026 notitiam

268 2052 649 2114 debebamus.
741 2056 1054 2116 emendato
1129 2063 1327 2116 autem
1385 2062 1553 2117 textu
1607 2063 1889 2134 corrupto
1951 2053 2202 2133 optimas
2264 2053 2454 2114 eidem

307 2139 485 2199 ratias
531 2159 561 2199 a
603 2140 779 2200 imuS.

267 2157 304 2216 g
436 2225 509 2285 ad
555 2157 832 2304 agntiquos
878 2227 1112 2287 codices
1141 2225 1395 2288 Hermae
1423 2227 1635 2287 Pastor
1680 2226 1949 2287 nondum
1995 2244 2133 2285 vere
2178 2225 2453 2285 redactus

265 2319 372 2369 est.
463 2311 608 2371 mihi
656 2321 852 2373 autem
899 2322 1133 2392 praeter
1180 2313 1434 2374 Gallicos
1478 2323 1537 2374 et
1579 2313 1932 2392 Anglicanos
1977 2312 2245 2384 codiceS,
2306 2329 2457 2388 quo-

264 2414 400 2456 rum
447 2398 742 2459 variantes
780 2399 1072 2460 -lectiones
1120 2400 1449 2462 Cotelerius
1495 2406 1554 2460 et
1585 2399 1785 2461 Fellus
1829 2407 2281 2471 recensuerunt,
2324 2417 2453 2457 cer·
2512 2431 2517 2438 ·

263 2489 391 2543 tum
467 2483 922 2547 fundamentum
995 2481 1525 2566 suppeditaverunt
1598 2486 1830 2547 codices
1904 2484 2253 2546 Dresdensis
2327 2485 2451 2562 (D),
2543 2513 2547 2520 ·

264 2587 442 2645 quem
487 2570 612 2649 ipse
657 2572 1099 2633 accuratissime
1144 2574 1426 2653 descripsi
1447 2574 1519 2651 ³),
1566 2583 1623 2634 et
1668 2573 2003 2646 VaticanuS,
2051 2590 2228 2650 quem
2275 2570 2452 2632 Dres-

263 2655 348 2715 sel
397 2675 517 2715 non
566 2658 764 2719 minus
810 2669 1083 2720 accurate
1130 2659 1382 2721 contulit
1413 2662 1613 2737 (Vae).
1702 2659 1834 2721 vitia
1882 2659 2121 2737 quidem
2166 2658 2343 2719 etiam
2389 2658 2450 2717 in

261 2742 502 2820 optimis
578 2744 884 2806 codicibus
945 2745 1531 2819 animadvertuntur,
1608 2746 1711 2823 qui
1770 2745 2059 2806 nonnulla
2121 2744 2453 2804 omiserunt

259 2927 386 2981 Sim.
415 2929 481 2994 V,
519 2932 548 2981 6
578 2946 631 2999 p..
664 2932 781 2997 497,
818 2933 884 2985 22
914 2946 1099 2999 purus,
1134 2932 1170 2985 l.
1207 2932 1429 3001 primus.
1466 2932 1561 2999 IX,
1600 2934 1629 2984 9
1666 2948 1719 3000 p.
1741 2932 1857 2997 539,
1898 2932 1961 2984 13
1984 2930 2130 2984 culta
2162 2930 2199 2995 l,
2237 2930 2452 2998 sculpta

257 3020 733 3086 ἔκκεκολαμμὲνος).
782 3033 826 3071 c.
871 3019 940 3072 25
977 3034 1030 3085 p.
1069 3019 1186 3083 557,
1223 3020 1287 3071 37
1325 3017 1578 3085 traditio,
1613 3019 1649 3072 l.
1690 3018 1947 3101 13ΓᾶξείίὶῘο
1982 3017 2039 3085 (ἦ
2080 3018 2344 3085 πάροδος).
2378 3016 2445 3082 Χ,

256 3104 287 3153 2
332 3117 385 3168 p.
423 3103 540 3167 569,
582 3103 643 3155 13
679 3102 786 3169 1116,
819 3104 1005 3178 Dress.
1047 3104 1191 3158 male
1235 3103 1432 3159 edidit:
1476 3105 1620 3158 hinc.

399 3189 455 3256 1)
487 3186 593 3242 hac
624 3188 683 3243 in
723 3204 785 3243 re
821 3204 855 3243 6
890 3188 1099 3258 collega
1119 3190 1419 3245 clarissimo
1439 3190 1720 3247 dissentio.
1756 3189 1900 3245 unde
1917 3189 2139 3245 tandem
2157 3189 2451 3245 recentiori

253 3271 428 3325 latino
462 3272 755 3343 interpreti
787 3290 909 3329 cum
944 3279 1128 3330 vetere
1164 3278 1460 3333 communis
1493 3277 1745 3333 vocabuli
1779 3286 1987 3344 νηστεία
2021 3278 2227 3332 versio:
2264 3276 2447 3332 hostia

255 3358 380 3411 Sim.
415 3358 482 3425 V,
521 3363 550 3412 3
588 3376 640 3429 p.
679 3362 764 3427 80,
803 3362 902 3415 15?
967 3362 1135 3417 etiam
1170 3363 1284 3417 Vis.
1309 3364 1354 3429 I,
1391 3366 1422 3416 3
1465 3380 1519 3431 p.
1547 3366 1596 3431 6,
1633 3369 1664 3418 4
1697 3366 1926 3431 uterque
1960 3364 2234 3433 interpres
2267 3372 2445 3432 βιωτι-

254 3451 357 3497 κῶν
395 3445 583 3499 vertit:
622 3446 973 3501 secularibus.

391 3532 448 3598 2)
483 3531 668 3585 Mand.
704 3530 836 3587 VHI
869 3550 923 3601 p.
963 3536 1019 3586 51
1040 3574 1055 3598 ,
1096 3533 1158 3586 16
1201 3550 1236 3587 a
1268 3535 1495 3589 lauticia
1532 3536 1671 3590 alias
1707 3535 1777 3589 ab
1815 3536 2072 3591 auaricia.
2115 3536 2241 3590 Sim.
2277 3534 2354 3589 IV
2388 3551 2442 3603 p.

252 3618 334 3679 75,
373 3619 400 3667 7
448 3622 834 3672 consumentur
875 3620 978 3673 al's
1022 3620 1420 3675 comburentur.
1467 3620 1533 3687 V,
1581 3624 1609 3674 5
1647 3638 1700 3691 p.
1738 3624 1822 3687 83,
1866 3630 1892 3679 1
1932 3623 1985 3677 ei
2019 3623 2122 3677 al’s
2159 3621 2259 3675 illi.
2294 3620 2440 3687 VIII,

250 3702 280 3752 6
315 3718 370 3769 p.
415 3704 527 3769 107,
567 3708 594 3755 7
632 3703 808 3759 functi
843 3706 946 3759 al's
980 3705 1200 3760 funesti.
1236 3707 1331 3773 IX,
1369 3711 1400 3761 8
1436 3725 1489 3777 p.
1531 3710 1646 3775 126,
1688 3710 1750 3762 16
1771 3714 2044 3764 structure
2064 3710 2165 3763 al’s
2185 3708 2441 3763 instructi

249 3803 293 3838 c.
335 3792 366 3840 9
402 3805 455 3856 p.
488 3792 600 3855 128,
636 3794 668 3843 8
705 3789 909 3844 abiecti
943 3795 1071 3845 sunt
1103 3792 1189 3846 vel
1228 3796 1403 3847 erant.
1441 3810 1485 3847 c.
1511 3798 1576 3847 20
1602 3812 1656 3864 p.
1684 3798 1796 3861 ¹44,
1820 3797 1882 3848 16
1918 3796 2063 3851 tales
2098 3796 2199 3849 al’s
2233 3810 2435 3849 omnes.

248 3890 292 3926 c.
335 3877 401 3926 26
435 3892 488 3943 Ρ.
521 3880 629 3942 149,
669 3879 698 3929 9
733 3877 1002 3931 habentes
1037 3878 1139 3932 al's
1181 3883 1424 3947 agentes.
1460 3880 1846 3949 interpretatio
1882 3880 2104 3936 additur
2136 3880 2322 3934 Mand.
2359 3881 2438 3934 XI

243 3976 298 4026 Ρ.
339 3962 422 4026 52,
461 3963 490 4012 6
528 3962 816 4031 stipaveris
850 3963 871 4015 1
906 3963 965 4032 [1.
1002 3964 1076 4033 6]
1113 3965 1378 4033 posueris.

385 4047 442 4114 3)
476 4048 631 4115 parvi
665 4048 852 4116 refert,
889 4048 1073 4116 quod
1055 4066 1114 4103 m
1150 4053 1341 4119 paucis
1374 4053 1511 4108 locis
1539 4054 1781 4109 incertus
1800 4070 1933 4121 sum,
1970 4055 2205 4110 fortasse
2223 4070 2333 4109 11116
2349 4055 2435 4109 vel

245 4131 424 4185 altera
458 4133 693 4188 lectione
728 4136 975 4189 variante
1010 4153 1118 4191 non
1157 4138 1461 4206 observata,
1498 4138 1567 4193 cf.
1585 4140 1701 4195 Vis.
1721 4141 1765 4206 I,
1802 4142 1833 4193 3
1868 4158 1922 4209 Ρ.
1946 4142 1993 4208 9,
2028 4146 2060 4195 8
2082 4143 2283 4202 dicens.
2318 4161 2431 4203 var

241 4216 280 4268 1.
321 4216 537 4273 docens.
574 4235 702 4274 nam
740 4224 922 4275 textus
957 4222 1076 4291 ipse
1111 4223 1245 4277 mihi
1281 4226 1418 4279 satis
1453 4229 1636 4280 certus
1671 4242 1797 4283 6666
1824 4226 2055 4283 videtur.
