3003 5080
1296 1063 1848 1184 Corrigenda

465 1287 522 1340 in
556 1291 738 1341 textu:
791 1285 905 1341 Vis.
941 1285 982 1351 Ι,
1021 1289 1052 1338 3
1089 1301 1142 1353 p.
1179 1289 1228 1349 6,
1267 1290 1296 1337 5
1331 1286 1673 1351 confortavit,
1711 1291 1749 1345 1.
1784 1286 2124 1351 confortabit,
2160 1285 2227 1341 cf.
2262 1302 2339 1354 gr.
2375 1301 2459 1344 ae.
2496 1313 2559 1326 -
2595 1284 2668 1360 11,

467 1376 500 1425 2
533 1390 584 1441 p.
623 1374 671 1435 9,
712 1375 737 1425 1
774 1371 1065 1440 prodentes
1099 1370 1464 1440 profecerunt,
1497 1374 1535 1428 l.
1570 1374 1861 1441 prodentes
1901 1373 2055 1443 [non]
2094 1370 2456 1441 profecerunt,
2491 1369 2559 1426 cf.
2587 1388 2667 1439 gr.

463 1459 578 1513 Pal.
614 1472 696 1512 αθ.
731 1487 799 1496 -
834 1460 867 1509 8
903 1457 999 1522 1111,
1033 1458 1068 1511 l.
1102 1458 1211 1511 illis
1247 1460 1464 1527 (αὐτοῖς)
1498 1476 1545 1513 c.
1565 1458 1628 1514 G.
1647 1459 1785 1515 Vict.
1824 1490 1886 1499 —
1934 1476 1979 1514 c.
2003 1463 2033 1513 3
2072 1475 2125 1527 p.
2151 1463 2231 1522 10,
2272 1461 2335 1512 13
2373 1459 2665 1521 seculares,

464 1546 499 1600 l.
555 1544 874 1613 singulares,
909 1559 992 1612 gr.
1029 1545 1319 1608 ἰδιωτικάς,
1358 1546 1473 1599 Pal.
1526 1545 1793 1615 proprias.
1828 1578 1897 1586 -
1934 1545 2028 1609 ΙΠ,
2069 1547 2091 1597 1
2134 1560 2186 1613 p.
2228 1545 2307 1609 12,
2344 1546 2405 1598 11
2444 1560 2667 1607 annum,

465 1631 502 1684 l.
539 1644 719 1683 anum.
755 1660 823 1668 -
857 1644 902 1683 c.
941 1634 972 1683 2
1006 1646 1060 1699 p.
1104 1634 1181 1693 14,
1217 1633 1250 1683 8
1271 1632 1622 1697 sustinerunt,
1656 1634 1691 1687 l.
1731 1632 2119 1687 sustinuerunt.
2160 1661 2220 1671 -
2259 1646 2312 1699 p.
2341 1633 2422 1694 16,
2459 1632 2663 1698 2postz'

467 1715 806 1779 ‚‚habebant“
855 1714 1004 1769 add.=
1056 1715 1168 1784 [alii
1209 1716 1372 1786 curti]
1421 1718 1488 1773 cf.
1530 1734 1608 1786 gr.
1660 1723 1805 1771 ἄλλοι
1855 1720 1913 1771 δὲ
1946 1724 2368 1786 κεκολοβωμένοι,
2418 1716 2531 1771 Pal.
2566 1714 2664 1769 alii

466 1801 672 1855 minimi
708 1806 764 1855 et
796 1800 993 1856 modici
1030 1800 1228 1863 effecti,
1265 1817 1346 1856 αθ.
1384 1809 1541 1858 erant
1576 1805 1740 1859 etiam
1773 1804 2063 1860 breviores.
2098 1804 2206 1860 huc
2232 1802 2518 1859 referenda
2536 1808 2665 1856 sunt

466 1905 512 1944 c.
547 1892 578 1942 6
615 1904 666 1955 p.
704 1889 803 1955 21,
839 1887 932 1956 qui
967 1902 1094 1942 vero
1130 1887 1271 1942 curti
1314 1896 1468 1954 sunt,
1507 1888 1573 1943 cf.
1613 1891 1776 1946 etiam
1814 1892 1941 1947 Sim.
1978 1890 2069 1954 IX,
2116 1893 2146 1943 6
2183 1907 2235 1959 p.
2271 1890 2388 1953 123,
2424 1894 2472 1943 9.
2506 1919 2577 1929 --
2612 1902 2663 1945 c.

466 1978 498 2027 4
519 1990 574 2041 p.
597 1975 678 2037 18,
707 1977 726 2026 1
769 1973 1009 2039 creandi,
1041 1973 1076 2027 1.
1112 1974 1407 2039 crescendi,
1441 1991 1521 2044 gr.
1556 1982 1750 2043 αὔξειν,
1784 1979 1899 2034 Pal.
1935 1977 2341 2032 incrementare.
2380 2005 2445 2015 —
2493 1991 2537 2029 c.
2559 1979 2589 2026 5
2607 1991 2660 2043 p.

466 2061 546 2125 19,
587 2060 670 2118 15.
712 2062 772 2113 16
823 2059 916 2128 qui
951 2065 1133 2113 autem
1165 2059 1466 2116 afferuntur
1501 2068 1557 2117 et
1589 2070 1863 2132 ponuntur
1897 2064 1955 2118 in
1988 2068 2312 2119 structuram
2345 2060 2539 2125 turris,
2602 2060 2663 2114 hi

463 2153 589 2201 sunt
609 2187 624 2211 ,
656 2148 693 2201 1.
731 2146 826 2216 qui
878 2153 1061 2201 antem
1107 2146 1409 2201 afferuntur
1456 2154 1512 2203 et
1558 2156 1832 2218 ponuntur
1884 2151 1943 2205 in
1992 2156 2318 2205 structuram
2362 2146 2529 2201 turris
2566 2146 2660 2215 qui

463 2235 624 2288 sunt?
668 2234 727 2288 hi
763 2239 891 2289 sunt
925 2248 971 2285 c.
1006 2232 1072 2288 D.
1111 2233 1243 2299 (om.
1277 2233 1334 2287 hi
1371 2236 1525 2304 sunt)
1559 2235 1619 2291 L.
1656 2236 1751 2306 (ii)
1784 2253 1863 2306 gr.
1898 2236 2010 2291 Pal.
2044 2251 2127 2292 ae.
2166 2264 2226 2275 -—
2262 2251 2307 2290 c.
2344 2235 2375 2288 ⁷
2415 2250 2469 2303 p.
2505 2236 2589 2297 22,
2626 2236 2661 2286 4

461 2326 758 2395 currentes,
793 2321 831 2377 l.
867 2318 1122 2373 cadentes
1157 2318 1505 2387 (πίπτοντας)
1542 2339 1589 2380 c.
1623 2323 1738 2378 Pal.
1774 2322 1917 2378 aeth.
1961 2352 2019 2363 -
2070 2321 2163 2388 IV,
2200 2325 2231 2375 2
2265 2337 2321 2390 p.
2357 2322 2440 2384 33,
2478 2321 2508 2373 6
2546 2320 2660 2374 suf-

459 2404 650 2473 fragia,
687 2406 725 2463 1.
761 2403 1096 2470 sufflamina,
1149 2421 1228 2474 gr.
1264 2410 1542 2477 μάστιγας,
1594 2407 1710 2465 Pal.
1746 2424 1827 2465 αθ.
1864 2408 2093 2477 flagella.
2134 2436 2202 2448 —-
2274 2408 2342 2474 V,
2376 2422 2430 2475 p.
2469 2408 2552 2471 34,
2593 2407 2661 2458 12

459 2490 683 2560 pallium
729 2491 912 2547 album
930 2532 943 2558 ,
1002 2492 1037 2548 1.
1071 2492 1278 2562 ‘pellem
1323 2493 1503 2549 albam
1538 2493 1627 2562 (cf.
1664 2494 1789 2550 Sim.
1825 2496 1919 2562 VI,
1955 2498 1989 2550 2
2022 2512 2073 2566 p.
2111 2497 2194 2564 89,
2237 2495 2322 2560 6),
2379 2508 2461 2562 gr.
2497 2494 2658 2560 δέρμα

462 2586 654 2648 αἴγειον
693 2581 904 2645 λευκόν,
935 2579 1053 2634 Pal.
1086 2579 1228 2649 pelle
1262 2581 1416 2648 alba,
1451 2597 1533 2636 αθ.
1564 2583 1707 2652 Ρθ11θ
1743 2583 1979 2651 caprina.
2014 2613 2081 2622 —

597 2664 781 2720 Mand.
828 2664 902 2731 H,
935 2681 987 2734 p.
1023 2667 1108 2730 37,
1149 2669 1179 2719 3
1227 2668 1298 2722 ab
1352 2666 1476 2735 illa,
1525 2669 1561 2724 1.
1607 2670 1677 2724 ab
1722 2669 1817 2726 illo
1865 2670 1982 2737 (ἀπ’
2024 2670 2210 2737 αὐτοῦ)
2250 2685 2298 2724 c.
2334 2666 2467 2722 Mss.
2501 2666 2659 2735 Angl.

461 2779 526 2790 —
596 2751 691 2813 IV,
727 2753 758 2803 2
795 2767 846 2818 p.
868 2755 952 2819 41,
986 2756 1017 2804 4
1054 2753 1473 2820 conversatione,
1508 2755 1542 2809 L
1578 2755 1984 2812 conversatione
2018 2769 2142 2810 mea
2176 2755 2272 2822 (cf.
2290 2760 2397 2823 gr.)
2432 2770 2479 2811 c.
2508 2751 2567 2806 L
2592 2781 2657 2792 —

458 2837 550 2904 VI,
586 2839 620 2890 2
653 2852 704 2904 Ρ.
729 2837 812 2903 49,
847 2841 898 2889 4.
933 2842 962 2890 5
1000 2837 1329 2893 desiderium
1362 2841 1653 2896 multarum
1689 2857 1871 2897 rerum
1905 2840 2221 2907 alienarum,
2258 2841 2293 2900 l.
2329 2837 2660 2894 desiderium

459 2923 745 2978 mulierum
805 2928 860 2977 et
903 2939 1084 2978 rerum
1135 2925 1434 2980 alienarum
1482 2928 1769 2997 (ἐπιθυμία
1818 2937 2074 2998 γυναικῶν
2124 2934 2208 2982 καὶ
2261 2931 2560 2989 πλεονεξία)
2608 2939 2657 2981 0.

459 3006 571 3062 Cot.
588 3047 602 3071 ,
652 3007 718 3062 cf.
752 3007 866 3062 Pal.
903 3009 1208 3078 cupidinem
1240 3012 1525 3067 mulierum
1566 3019 1621 3068 et
1652 3014 1935 3070 avaritiam
1970 3019 2026 3068 et
2058 3013 2331 3076 fraudem,
2384 3027 2469 3067 αθ.
2506 3027 2659 3067 amor

458 3093 745 3147 mulierum
779 3099 836 3147 et
868 3095 1169 3164 oppressio.
1205 3126 1269 3136 —
1338 3097 1404 3163 X,
1443 3102 1464 3152 1
1507 3116 1558 3168 p.
1578 3104 1664 3164 56,
1706 3103 1766 3153 11
1807 3100 1864 3154 111
1897 3115 2189 3169 nunquam,
2221 3102 2259 3156 1.
2296 3099 2353 3153 hi
2388 3100 2481 3168 qui
2519 3114 2655 3153 nun·

457 3196 620 3249 quam
653 3196 700 3235 c.
736 3195 818 3248 gr.
853 3179 966 3235 Pal.
1003 3196 1084 3236 ae.
1126 3211 1186 3222 -
1254 3187 1314 3236 14
1348 3190 1505 3252 postt
1556 3186 1725 3241 seculi
1761 3192 1818 3241 et
1849 3193 2001 3255 post:
2057 3185 2355 3240 divinitatis
2396 3189 2664 3239 commata

455 3265 706 3335 ponenda
744 3273 885 3321 sunt.
919 3295 986 3305 —-
1023 3282 1071 3325 c.
1109 3273 1140 3322 2
1173 3285 1229 3336 Ρ.
1267 3273 1349 3335 58,
1390 3274 1453 3325 16
1487 3273 1847 3342 proiecerunt,
1882 3274 1916 3327 1.
1955 3272 2294 3340 proiecerint.
2335 3301 2396 3310 —
2468 3269 2588 3333 XII,
2629 3270 2654 3322 1

455 3371 507 3424 p.
543 3358 626 3418 64,
659 3357 690 3406 5
727 3358 877 3422 post:
931 3353 1158 3419 „m0rti“
1206 3354 1419 3424 signum
1452 3359 1892 3428 interrogationis
1926 3357 2235 3428 ponendum
2270 3363 2369 3412 est.
2404 3384 2469 3397 --
2544 3371 2587 3410 c.
2628 3356 2659 3407 6

455 3457 504 3509 p.
543 3441 628 3506 68,
664 3443 697 3492 4
745 3439 817 3494 αᾱ
862 3438 1105 3493 homines
1154 3455 1338 3496 servos
1373 3441 1489 3508 dei,
1542 3444 1577 3497 l.
1615 3458 1661 3496 c.
1698 3446 1942 3514 Angero:
2007 3444 2079 3499 ad
2114 3458 2299 3499 omnes
2336 3457 2518 3498 servos
2553 3442 2660 3510 dei,

453 3542 533 3595 gr.
571 3532 659 3580 ἐπὶ
697 3527 896 3584 πάντας
931 3527 1051 3585 τοὺς
1092 3528 1302 3588 δούλους
1337 3537 1430 3581 τοῦ
1469 3536 1617 3583 θεοῦ.
1658 3559 1723 3570 -
1772 3547 1828 3598 p.
1863 3532 1946 3597 69,
1985 3534 2015 3582 5
2057 3530 2357 3599 possimus,
2394 3529 2429 3582 l.
2466 3543 2659 3597 possu-

456 3626 592 3666 mus.
629 3627 757 3666 nam
791 3611 955 3666 etiam
989 3610 1120 3666 Mss,
1157 3614 1345 3682 Angl.:
1395 3615 1441 3668 si
1465 3630 1792 3684 possumus,
1852 3633 1989 3674 nont
2038 3617 2084 3672 si
2119 3616 2419 3684 possimne,
2456 3622 2518 3670 ut
2550 3615 2660 3670 Fa-

452 3697 655 3754 bricius
689 3697 890 3753 retulit.
928 3726 991 3736 —

592 3783 719 3838 Sim.
755 3783 798 3849 I,
832 3799 884 3850 p.
921 3785 1004 3848 70,
1044 3785 1108 3837 12
1161 3785 1292 3842 dicit
1340 3787 1484 3841 enim
1519 3788 1617 3844 tibi
1653 3788 1900 3844 dominus
1936 3788 2169 3844 civitatis
2202 3788 2393 3855 huiu8‚
2444 3790 2480 3843 l.
2514 3788 2661 3841 dicet

450 3868 595 3922 enim
630 3868 876 3925 dominus
913 3869 1146 3926 Civitafis
1181 3871 1362 3938 huius,
1401 3881 1508 3940 ἐρεῖ
1537 3878 1630 3946 γὰρ
1669 3877 1695 3928 ὁ
1718 3877 1885 3946 κύριος
1908 3885 1996 3943 τῆς
2018 3878 2212 3934 πόλεως
2233 3877 2420 3941 ταύτης
2456 3904 2524 3914 -—
2553 3872 2658 3927 tibi
2732 3877 2737 3882 ⁵

450 3971 552 4010 om.
586 3954 650 4007 L.
704 3983 766 3996 -
835 3954 926 4019 lv,
961 3971 1015 4024 p.
1054 3957 1135 4022 ⁷4,
1176 3961 1239 4012 14
1275 3959 1523 4027 madae,
1568 3961 1603 4014 1.
1640 3961 1844 4019 aridas.
1880 3991 1947 4000 —
2019 3961 2084 4026 V.
2119 3963 2153 4014 2
2185 3978 2242 4030 p·
2279 3960 2363 4025 ⁷⁹,
2404 3962 2466 4013 18
2499 3963 2657 4027 post:

447 4040 580 4094 mihi
627 4041 730 4095 del.
778 4057 1001 4100 comma.
1055 4071 1115 4083 -—
1192 4044 1335 4110 VIII,
1377 4049 1411 4097 2
1443 4062 1493 4115 Ρ.
1520 4048 1650 4110 100,
1693 4051 1747 4100 11
1788 4048 2102 4116 gratulabor
2135 4045 2215 4112 ei,
2268 4046 2306 4103 l.
2342 4045 2658 4114 gratulabor

446 4127 526 4182 eis
559 4130 973 4198 (συγχαρῆσομαι
1011 4131 1231 4198 αὐταῖς).
1272 4131 1386 4188 Pal.
1431 4131 1677 4200 quidem:
1723 4133 2037 4201 gratulabor
2070 4131 2178 4196 illi,
2235 4130 2333 4186 Sed
2373 4145 2487 4186 aed
2524 4145 2657 4199 gau-

446 4211 692 4268 debimus
726 4212 810 4267 iis.
847 4240 913 4255 -
