3003 5080
1217 450 1386 505 Simil.
1419 450 1515 516 IX,
1552 453 1631 506 13.
2403 453 2528 519 135

330 626 491 687 mina
538 626 710 687 vestis
755 645 955 687 earum
1003 635 1109 688 est.
1183 626 1524 706 quicunque
1568 631 1775 707 erg0“‚
1837 629 2066 709 inquit,
2116 647 2378 705 „nomen
2425 628 2530 689 filii

331 728 422 789 dei
471 738 700 808 portat,
758 730 966 790 harum
1014 750 1252 810 quoque
1301 729 1545 789 nomina
1589 739 1825 809 portare
1872 733 2063 793 debet.
2112 731 2329 793 etenim
2376 724 2529 811 quo-

330 851 446 910 que
488 832 640 892 filius
686 832 932 892 nomina
973 842 1170 912 portat
1211 852 1435 893 earum.
1482 839 1935 914 quoscunque“‚
1983 835 2209 914 inquit,
2257 834 2520 913 „lapides

330 934 522 995 vidisti
565 935 628 994 in
673 942 974 996 structura
1019 926 1370 996 remansisse
1415 935 1663 997 traditos
1705 957 1812 1016 per
1856 957 2068 999 manus
2113 956 2355 1009 earum,
2430 956 2528 997 ea-

329 1057 466 1099 rum
530 1046 820 1117 potestate
879 1037 1066 1101 vestiti
1126 1045 1284 1098 sunt.
1350 1038 1603 1117 ideoque
1657 1047 1841 1101 totam
1900 1042 2109 1102 turrim
2170 1040 2331 1100 vides
2391 1059 2528 1100 cum

329 1148 494 1220 petra
539 1142 697 1202 velut
739 1161 810 1202 ex
855 1161 976 1202 uno
1023 1141 1214 1221 lapide
1259 1143 1492 1222 factam.
1540 1142 1625 1202 sic
1668 1161 1905 1223 quoque
1951 1144 2043 1224 hi,
2120 1143 2220 1223 qui
2266 1143 2530 1203 credide-

328 1252 473 1305 runt
523 1244 766 1304 domino
823 1264 930 1324 per
973 1244 1158 1306 filium
1207 1245 1364 1325 eiuS,
1433 1245 1624 1306 induti
1667 1255 1808 1307 sunt
1851 1247 2013 1307 hunc
2054 1246 2345 1329 spiritum.
2394 1266 2530 1307 ecce

331 1366 487 1408 unus
544 1346 654 1407 erit
712 1348 956 1427 spiritus
1014 1357 1072 1409 et
1116 1367 1304 1410 unum
1345 1366 1573 1429 'corpus
1615 1355 1673 1409 et
1716 1368 1874 1410 unus
1919 1349 2086 1410 color
2130 1350 2379 1410 vestium
2424 1370 2529 1410 eo-

327 1470 484 1510 rum.
545 1451 647 1511 sed
711 1460 769 1512 et
811 1451 894 1511 illi
939 1460 1328 1529 assequentur
1371 1452 1515 1532 ista,
1590 1452 1691 1529 qui
1750 1452 1994 1513 tulerint
2059 1452 2301 1513 nomina
2358 1450 2532 1531 virgi-

331 1573 476 1614 num
544 1554 826 1618 harum“.
889 1565 948 1615 et
1005 1553 1153 1615 dixi:
1228 1556 1466 1629 „Quare
1525 1574 1700 1635 ergo,
1776 1555 2049 1635 domine,
2127 1554 2333 1615 abiecti
2392 1555 2631 1623 sunt10

328 1656 583 1737 lapideS‚
659 1657 759 1735 qui
799 1657 1100 1737 reprobati
1147 1666 1323 1738 sunt,
1398 1678 1535 1718 cum
1580 1667 1639 1717 et
1680 1656 1790 1736 ipsi
1837 1669 1945 1737 p'er
1986 1666 2218 1739 portam
2265 1657 2533 1718 translati

329 1770 470 1819 sunt
528 1766 586 1819 et
644 1760 836 1821 traditi
889 1779 996 1839 per
1041 1778 1251 1822 manus
1298 1760 1598 1839 virginum
1643 1763 1853 1823 harum
1903 1762 1960 1822 in
2001 1769 2364 1823 structuram
2400 1761 2532 1825 ⁴hu-

327 1862 420 1923 ius
479 1861 750 1923 turris“?
843 1863 1241 1939 „Quoniam“.
1312 1863 1542 1943 inquit,
1606 1884 1800 1941 ·„cura
1857 1866 1964 1926 tibi
2022 1874 2112 1926 est
2154 1865 2355 1924 omnia
2400 1862 2533 1923 dili·-

329 1973 537 2045 genter
589 1965 922 2047 inquirere,
999 1966 1135 2027 audi
1193 1966 1265 2027 de
1308 1966 1398 2026 his
1443 1965 1769 2048 lapidibus,
1845 1969 1946 2048 qui
1986 1966 2191 2029 abiecti
2238 1976 2397 2027 sunt.
2470 1964 2533 2024 hi

328 2150 524 2189 nomen
561 2148 747 2189 earum
781 2133 949 2189 vestis
990 2139 1074 2189 est
1106 2134 1230 2189 Vat.
1249 2174 1262 2199 ,
1317 2134 1523 2202 ipsum,
1560 2134 1759 2203 inquit,
1795 2152 1990 2191 nomen
2023 2138 2190 2192 vestis
2228 2153 2415 2192 earum
2451 2144 2537 2192 est

327 2221 388 2274 L.
429 2252 494 2261 -
567 2226 610 2275 1.
649 2236 804 2290 ergo,
841 2220 1020 2289 inquit
1053 2238 1098 2276 c.
1133 2220 1252 2273 Vat.
1290 2220 1372 2275 ed.
1406 2236 1484 2289 pr.
1520 2238 1597 2285 v.,
1634 2221 1799 2289 igitur
1848 2224 1911 2279 D.
1967 2253 2034 2262 —
2090 2222 2188 2277 filii
2224 2223 2320 2292 (cf.
2354 2225 2454 2292 gr.)
2489 2238 2535 2276 c.

329 2308 415 2365 ed.
452 2324 532 2375 pr.
572 2328 649 2371 v.,
705 2324 806 2363 om.
842 2306 908 2361 D.
946 2306 1009 2360 L.
1050 2308 1173 2360 Vat.
1231 2337 1295 2346 —-
1367 2310 1415 2362 2.
1459 2309 1509 2363 3.
1560 2307 1759 2361 etenim
1795 2323 2007 2376 quoque
2042 2308 2187 2363 filius
2223 2326 2266 2365 c.
2304 2310 2403 2376 D.‚
2458 2314 2535 2363 et-

331 2394 474 2448 enim
519 2393 664 2447 filius
711 2393 862 2460 Vat„
909 2390 1060 2447 'filius
1111 2392 1254 2446 enim
1303 2392 1392 2446 dei
1445 2393 1564 2462 ipse
1610 2393 1700 2458 L,
1761 2410 1886 2449 nam
1935 2400 1989 2449 et
2035 2392 2181 2449 filius
2225 2394 2307 2451 ed.
2356 2411 2436 2463 pr.
2486 2413 2535 2451 v.

328 2506 398 2521 --
469 2482 516 2536 3.
575 2485 755 2550 portat
801 2495 989 2535 earum
1024 2480 1156 2550 (τῶν
1197 2485 1470 2549 παρθένων
1510 2480 1707 2533 τούτω-ν
1746 2482 1915 2550 φορεῖ)
1949 2496 1995 2533 C.
2035 2481 2122 2535 ed.
2158 2496 2237 2549 pr.
2273 2498 2321 2535 V.
2342 2522 2357 2548 ,
2413 2496 2538 2549 por-

328 2574 411 2623 tat
456 2568 515 2621 L.
563 2574 704 2630 vat„
762 2567 870 2622 fert
908 2568 976 2621 D.
1033 2596 1098 2606 -
1167 2569 1217 2618 4.
1265 2565 1595 2620 remansisse
1643 2582 1687 2620 c.
1741 2567 1806 2619 D.
1854 2567 1939 2621 ed.
1991 2583 2073 2636 pr.
2124 2584 2203 2632 v.,
2258 2567 2538 2621 remisisse

333 2657 456 2708 Vat.
514 2684 577 2693 —-
647 2653 875 2709 traditos
918 2668 1017 2722 per
1061 2666 1256 2707 manus
1303 2665 1489 2705 earum
1534 2667 1578 2705 c.
1626 2650 1692 2704 D.
1742 2651 1893 2717 Vat.‚
1948 2668 2046 2720 per
2093 2667 2288 2707 manus
2343 2652 2540 2708 harum

330 2740 562 2796 traditos
605 2740 688 2794 ed.
734 2756 815 2808 pr.
859 2757 907 2793 v.
957 2767 1018 2778 -·
1091 2741 1140 2790 4.
1180 2741 1225 2792 5.
1274 2752 1461 2794 earum
1506 2754 1548 2792 c.
1584 2736 1651 2792 D.
1700 2737 1783 2793 ed.
1820 2755 1903 2806 pr.
1941 2756 2021 2806 v.,
2074 2738 2269 2792 harum
2303 2738 2429 2795 Vat.
2470 2767 2531 2778 -

336 2833 382 2880 5.
418 2826 648 2895 ideoque
683 2841 728 2881 c.
772 2827 892 2879 Vat.
926 2823 1017 2898 βᾶ.
1053 2839 1132 2893 ΡΥ.
1169 2842 1233 2888 v.,
1268 2823 1498 2891 ideoque
1537 2821 1708 2878 eciam
1741 2823 1807 2876 D.
1844 2855 1913 2863 —-
1969 2829 2018 2880 5.
2056 2827 2102 2878 6.
2139 2829 2308 2880 totam
2344 2823 2535 2878 turrim

333 2917 561 2977 (turrem
590 2913 684 2980 D.)
728 2910 878 2965 vides
925 2925 1047 2964 cum
1093 2913 1249 2978 petra
1291 2909 1439 2962 velut
1485 2922 1552 2961 ex
1587 2924 1695 2964 uno
1728 2909 1905 2978 lapide
1939 2910 2140 2966 factam
2176 2915 2405 2978 (βλέπεις
2442 2913 2535 2963 τὸν

333 2999 530 3068 πύργον
581 2999 866 3065 μονόλιθον
917 2998 1171 3066 γεγονότα
1225 2996 1358 3070 μετὰ
1400 3003 1488 3060 τῆς
1528 2996 1741 3063 πέτρας)
1792 3010 1839 3048 c.
1878 2994 1945 3047 D.
1980 3002 2064 3056 (et
2097 2997 2260 3062 velut)
2297 2995 2417 3050 Vat.
2454 2995 2538 3064 (et

332 3083 498 3144 velut)
515 3069 544 3147 ,’
589 3088 756 3138 totam
805 3081 995 3138 turrim
1036 3081 1370 3137 concolorem
1407 3078 1558 3134 vides
1594 3095 1714 3134 cum
1750 3087 1907 3151 petra
1940 3089 1996 3135 et
2029 3083 2176 3136 velut
2210 3097 2277 3136 ex
2312 3099 2422 3137 uno
2457 3081 2537 3136 la-

331 3168 459 3237 pide
511 3169 710 3225 factam
763 3169 824 3221 B.
877 3167 1265 3236 (consimilem)
1308 3165 1370 3220 L.
1422 3165 1505 3220 ed.
1539 3181 1617 3233 pr.
1656 3183 1708 3220 v.
1744 3167 2133 3233 (concordem).
2174 3197 2242 3206 —-
2312 3169 2362 3224 6.
2396 3167 2454 3220 hi
2490 3183 2536 3221 c.

331 3257 402 3322 D.
437 3255 589 3322 Vat.,
636 3255 676 3308 ii
713 3254 795 3308 ed.
831 3269 912 3322 pr.
947 3270 997 3309 v.
1040 3282 1096 3291 -
1172 3257 1223 3310 7.
1260 3252 1474 3307 domino
1513 3256 1611 3322 (τῷ
1648 3255 1831 3324 κυρίῳ)
1868 3252 2104 3317 emend„
2164 3252 2439 3309 dominum
2474 3255 2533 3306 D.

331 3328 392 3396 L.
416 3341 558 3407 Vat.,
595 3341 696 3396 deo
732 3339 815 3394 ed.
834 3356 917 3408 pr.
937 3358 984 3394 v.
1005 3369 1069 3379 -—
1108 3337 1282 3393 induti
1318 3344 1446 3392 sunt
1477 3337 1624 3392 hunc
1658 3337 1905 3408 spiritum
1942 3341 2024 3404 (τὰ
2048 3339 2325 3408 πνεύματα
2346 3334 2537 3402 ταῦτα)

332 3443 380 3483 c.
417 3427 503 3493 D.‚
543 3426 720 3482 induti
754 3409 882 3483 sunt
914 3426 1015 3482 hoc
1051 3424 1295 3495 spiritum
1331 3425 1473 3488 Vat„
1508 3423 1611 3479 hoc
1629 3423 1839 3493 'spiritu
1874 3424 2049 3478 induti
2085 3428 2213 3479 sunt
2242 3425 2325 3488 L.,
2363 3421 2537 3478 induti

333 3519 462 3570 sunt
501 3513 604 3568 hoc
639 3514 833 3582 spiritu
875 3512 956 3566 ed.
993 3528 1090 3580 ΡΥ.,
1126 3510 1300 3565 induti
1337 3515 1464 3565 sunt
1494 3509 1744 3578 spiritum
1779 3510 1925 3566 hunc
1956 3527 2004 3565 v.
2040 3539 2106 3549 —-
2142 3512 2190 3562 8.
2224 3511 2373 3564 color
2408 3526 2452 3564 c.
2472 3508 2537 3561 D.

332 3600 455 3654 Vat.
495 3599 577 3654 ed.
613 3615 696 3668 pr.
733 3618 812 3663 v.,
849 3598 982 3653 odor
1016 3598 1075 3653 L.
1114 3626 1174 3635 —
1253 3599 1303 3652 8.
1341 3597 1388 3650 9.
1427 3611 1615 3651 eorum
1649 3612 1693 3650 c.
1727 3595 1795 3652 D.
1835 3597 1957 3650 Vat.
1996 3595 2082 3652 ed.
2119 3612 2202 3664 pr.
2245 3613 2311 3658 v.,
2348 3610 2534 3649 earum

331 3685 393 3741 L.
437 3715 498 3725 -—
574 3686 620 3740 9.
657 3684 754 3738 sed
793 3692 848 3740 et
881 3700 928 3741 c.
973 3685 1092 3740 Vat.
1129 3683 1211 3738 ed.
1247 3699 1330 3753 pr.
1366 3700 1431 3746 v.,
1476 3682 1574 3736 sed
1607 3682 1677 3738 D.
1714 3709 1777 3720 —
1814 3681 2039 3735 tulerint
2076 3695 2120 3734 c.
2156 3681 2224 3738 D.
2267 3679 2535 3734 Vat.Mss.

332 3771 519 3839 Angl.‚
567 3772 901 3837 portaverint
934 3771 1015 3826 ed.
1053 3786 1132 3838 pr.
1170 3789 1220 3826 v.
1257 3799 1323 3809 -
1400 3771 1481 3824 11.
1517 3767 1791 3836 reprobati
1828 3774 1955 3822 sunt
1989 3784 2033 3822 c.
2070 3768 2191 3821 Vat.
2210 3806 2225 3835 ‚
2261 3765 2536 3832 reprobati

335 3863 491 3912 erant
525 3857 623 3922 Dz,
673 3857 947 3926 reprobati
995 3856 1216 3910 fuerunt
1265 3855 1348 3910 ed.
1385 3871 1466 3923 pr.
1500 3871 1548 3908 v.
1600 3883 1663 3892 ν-
1734 3858 1790 3908 et
1824 3853 1930 3921 ipsi
1965 3867 2009 3904 c.
2048 3853 2114 3907 D.
2159 3855 2277 3908 Vat.
2317 3852 2399 3907 ed.
2436 3867 2535 3918 ΡΥ.,

332 3927 440 4011 ip'si
476 3961 524 3998 v.
574 3971 612 3978 —·
660 3958 760 4012 per
793 3949 1003 4011 portam
1038 3943 1151 4008 (διὰ
1193 3951 1280 4007 τῆς
1319 3943 1500 4009 πάλης)
1538 3956 1583 3994 c.
1622 3939 1707 3993 ed.
1744 3955 1824 4007 pr.
1859 3958 1927 4005 v.,
1962 3954 2067 3996 om.
2103 3938 2169 3994 D.
2204 3938 2262 3991 L.
2306 3940 2429 3994 Vat.
2466 3967 2533 3979 ·-

337 4035 418 4084 11.
457 4032 536 4082 12.
575 4029 825 4084 translati
856 4033 989 4084 sunt
1022 4044 1070 4084 c.
1105 4026 1171 4078 D.
1209 4026 1348 4089 Vat.‚
1381 4024 1871 4080 translati·fuerint
1904 4025 1986 4080 ed.
2021 4041 2103 4094 pr.
2139 4043 2185 4081 v.
2222 4056 2289 4065 --
2346 4026 2532 4080 1213.

333 4111 498 4170 huius
546 4113 714 4168 turris
759 4128 808 4172 c.
845 4115 910 4167 D.
951 4115 1073 4168 Vat.
1091 4153 1103 4177 ‚
1155 4112 1320 4166 turris
1355 4110 1519 4164 huius
1554 4110 1637 4167 ed.
1671 4128 1750 4180 ΡΥ.
1787 4130 1834 4167 v.
1896 4139 1951 4150 -—
2034 4113 2113 4164 13.
2148 4125 2281 4167 cura
2314 4111 2411 4166 tibi
2451 4116 2536 4164 est

333 4217 378 4256 c.
414 4198 536 4254 Vat.
585 4199 666 4254 ed.
714 4215 792 4268 pr.
838 4218 918 4266 v.,
975 4207 1059 4254 est
1106 4198 1204 4253 tibi
1255 4213 1384 4254 cura
1421 4198 1488 4251 D.
1552 4226 1619 4236 —
1693 4199 1773 4252 14.
1819 4196 1907 4251 his
1962 4213 2006 4252 c.
2044 4196 2111 4255 D.
2144 4196 2296 4263 Vat.‚
2346 4196 2416 4251 iis
2450 4197 2532 4251 ed.

335 4302 416 4354 pr.
450 4304 496 4341 v.
539 4313 602 4327 --
