3003 5080
577 433 619 496 6
1566 434 1771 489 Pastor.
1796 437 1801 442 “

574 614 771 679 tuam,
815 606 918 666 sed
962 605 1226 668 dimisisti
1265 605 1400 666 illos
1444 605 1766 667 conviolari
1808 625 1999 669 saeve.
2045 615 2291 686 propter
2333 605 2448 666 hoc
2489 605 2761 668 irascitur

573 707 681 770 tibi
724 708 1030 782 domium,
1075 707 1177 769 sed
1220 707 1455 769 sanabit
1491 708 1689 769 omnia
1735 727 1885 788 quae
1931 718 2067 770 ante
2109 718 2271 790 gesta
2314 719 2458 770 sunt
2499 709 2651 772 mala
2695 711 2757 771 in

577 811 754 872 domo
811 820 934 873 tua.
989 819 1236 892 propter
1285 809 1526 872 illorum
1580 811 1740 873 enim
1806 820 2045 891 peccata
2103 821 2173 874 et·
2221 811 2555 890 iniquitates
2613 831 2758 873 con-

574 921 847 993 sumptus
901 915 966 975 'es
1013 933 1055 974 :a
1110 913 1474 974 secularibus
1533 914 1801 993 negotiis.
1855 913 1974 974 iam
2018 913 2177 975 enim
2223 914 2622 976 misericordia
2667 915 2759 976 dei

487 1009 811 1078 '5miserta
865 1024 956 1078 est
1010 1015 1098 1077 tui
1152 1023 1212 1076 et
1267 1015 1481 1076 domus
1541 1024 1677 1078 tuae
1736 1026 1796 1078 et
1836 1015 2191 1078 confortavit
2235 1026 2293 1078 te
2335 1017 2396 1079 in
2442 1017 2647 1096 gloria.
2692 1028 2759 1078 tu

574 1127 807 1182 tantum
868 1120 990 1182 noli
1033 1117 1268 1198 vagari,
1341 1119 1444 1182 sed
1490 1119 1877 1198 animaequus
1920 1127 2047 1180 esto
2091 1127 2151 1181 et
2192 1120 2468 1181 conforta
2511 1121 2757 1181 domum

573 1230 757 1284 tuam.
798 1232 1102 1302 tamquam
1145 1221 1408 1284 aerarius
1447 1221 1787 1301 producens
1832 1240 1983 1302 opus
2024 1240 2200 1307 suum
2243 1222 2499 1303 obtingit
2542 1223 2626 1284 rei
2663 1222 2759 1283 cui

574 1325 733 1405 vult,
802 1325 887 1386 sic
944 1335 1004 1387 et
1051 1335 1116 1387 tu
1171 1326 1420 1387 verbum
1480 1324 1895 1402 quotidianum
1952 1325 2175 1388 iustum
2234 1323 2435 1422 dicens
2490 1321 2758 1386 abscides

453 1415 468 1430 ⁰
573 1427 797 1506 grande
841 1437 1170 1507 peccatum.
1216 1447 1293 1489 ne
1337 1425 1573 1490 desinas
1616 1444 1758 1504 ergo
1804 1445 2188 1489 commonere
2233 1436 2405 1490 natos
2449 1436 2605 1489 tuoS.
2648 1427 2761 1490 scit

475 1522 558 1588 1⁰
575 1529 733 1590 enim
781 1530 958 1612 deuS,
1019 1530 1300 1611 quoniam
1346 1528 1768 1610 poenitentiam
1815 1539 1996 1608 agent
2036 1549 2109 1592 ex
2150 1539 2276 1592 toto
2321 1530 2501 1592 corde
2544 1549 2653 1590 suo
2700 1538 2758 1590 et

573 1631 906 1694 scribentur
944 1632 1006 1693 in
1048 1633 1201 1694 libro
1246 1633 1457 1695 vitae“.
1504 1649 1763 1710 cumque
1802 1632 2030 1695 finisset
2056 1633 2234 1694 verba
2265 1634 2429 1714 haec,
2474 1632 2556 1694 ait
2583 1632 2753 1694 mihi:

575 1735 712 1811 „Vis
767 1735 975 1823 audire·
1011 1755 1108 1798 me
1145 1732 1529 1815 legentem“?
1599 1735 1762 1795 dico:
1835 1735 1950 1810 „Et
1990 1755 2133 1814 ego,
2208 1736 2481 1816 domina,
2556 1734 2753 1796 volo“.

577 1838 761 1914 „Esto
807 1857 946 1918 ergo
989 1838 1286 1900 auditor“.
1332 1847 1391 1899 et
1432 1837 1705 1898 revoluto
1749 1836 1899 1898 libro
1941 1837 2177 1916 legebat
2202 1838 2419 1918 glorias
2445 1837 2756 1916 magnifice

572 1949 631 2002 et
672 1940 934 2021 mirifice,
976 1961 1127 2022 quae
1169 1961 1292 2003 non
1338 1951 1607 2021 poteram
1647 1940 1708 2002 in
1753 1940 2039 2002 memoria
2085 1941 2360 2003 retinere.
2401 1950 2572 2002 erant
2598 1939 2755 2001 enim

473 2035 556 2101 15
576 2044 749 2104 verba
807 2044 1091 2124 terrifica,
1162 2064 1312 2125 quae
1369 2062 1492 2104 non
1550 2051 1783 2122 poterat
1834 2044 2015 2105 homo
2059 2044 2373 2106 sustinere.
2438 2043 2757 2104 novissima

571 2155 768 2207 tamen
811 2146 990 2208 verba
1027 2148 1091 2208 in
1137 2145 1420 2210 memoria
1464 2145 1757 2207 mandavi.
1802 2155 1973 2209 erant
2013 2147 2174 2208 enim
2217 2146 2451 2208 modica
2494 2155 2552 2207 et
2592 2145 2759 2208 utilia

708 2401 752 2452 1.
786 2399 1078 2454 conviolari
1115 2413 1275 2454 saeve
1309 2414 1354 2454 c.
1391 2399 1450 2454 G.
1484 2397 1608 2454 Vat.
1626 2439 1640 2468 ,
1675 2400 1975 2455 conviolare
2018 2415 2143 2455 seve
2175 2400 2269 2466 D.‚
2304 2402 2612 2458 conversari
2645 2403 2758 2458 vio-

569 2485 744 2540 lenter
794 2484 878 2542 ed.
911 2501 991 2555 pr.
1023 2503 1077 2540 v.
1115 2513 1180 2526 -
1214 2493 1434 2556 propter
1467 2485 1571 2540 hoc
1604 2501 1663 2543 c.·
1684 2485 1751 2542 D.
1783 2486 1906 2542 Vat.
1940 2486 2023 2540 ed.
2058 2503 2168 2555 pr„
2220 2495 2438 2557 propter
2474 2489 2577 2546 hoc
2611 2489 2755 2544 enim

571 2582 620 2625 v.
657 2601 724 2611 —
793 2576 842 2628 2.
887 2572 1104 2628 sanabit
1156 2573 1414 2642 (εάσηαι)
1468 2589 1516 2631 c.
1552 2572 1637 2632 ed.
1674 2588 1755 2641 pr.
1788 2590 1868 2637 ι,
1922 2574 2134 2629 sanavit
2166 2574 2234 2629 D.
2267 2573 2389 2630 Vat.
2423 2603 2493 2615 —-
2546 2580 2675 2631 ante
2710 2592 2757 2631 c.

573 2656 632 2712 0.
680 2656 746 2713 D.
781 2656 846 2712 G.
881 2658 1003 2714 Vat.
1039 2656 1125 2715 ed.
1160 2674 1240 2727 pr.
1276 2657 1464 2713 Dress.
1482 2698 1497 2723 ,
1549 2660 1608 2714 in
1640 2663 1696 2713 te
1731 2657 1844 2716 Cot.
1899 2687 1965 2701 -
2036 2662 2085 2715 5.
2118 2660 2343 2715 miserta
2374 2676 2420 2713 c.
2456 2660 2521 2715 D.
2559 2660 2639 2716 ed.
2673 2676 2758 2727 pr.

568 2758 634 2807 ν..
669 2741 927 2798 miserata
957 2743 1084 2801 vat.
1118 2772 1187 2784 -
1221 2742 1411 2799 domus
1445 2762 1490 2801 c.
1524 2746 1649 2801 Vat.
1683 2744 1768 2801 ed.
1800 2760 1881 2813 pr.
1915 2763 1985 2809 v..
2018 2744 2200 2801 domui
2237 2744 2299 2798 D.
2332 2774 2401 2785 —
2434 2745 2757 2801 confortavit

568 2834 625 2881 te
657 2844 701 2883 c.
721 2827 786 2883 D.
806 2828 875 2882 G.
888 2828 1044 2890 vict..
1079 2830 1414 2885 conservavit
1449 2836 1507 2885 te
1526 2831 1609 2885 ed.
1626 2847 1707 2901 pr.
1727 2849 1797 2895 v..
1831 2830 2165 2885 conservavit
2181 2830 2304 2886 Vat.
2325 2860 2394 2871 ·-
2429 2832 2479 2886 6.
2514 2830 2757 2886 animae-

567 2928 708 2983 quus
727 2928 771 2969 ο.
791 2932 858 2978 v„
893 2915 1057 2970 animi
1077 2930 1250 2983 equus
1266 2915 1350 2982 D.‚
1384 2916 1725 2985 animequius
1742 2917 1885 2983 Vat„
1918 2916 2219 2985 equanimis
2240 2916 2323 2971 ed.
2342 2932 2424 2984 pr.
2444 2946 2508 2957 -
2546 2919 2593 2971 7.
2614 2932 2753 2986 opus

566 3013 612 3054 c.
631 3000 696 3055 D.
717 3001 797 3055 ed.
818 3017 897 3069 pr.
914 3020 978 3064 v..
1013 3001 1220 3056 domum
1265 3017 1398 3071 opus
1417 3002 1539 3057 Vat.
1560 3034 1627 3041 —
1662 3002 1887 3071 obtingit
1925 3004 2283 3073 (περιγίνεται)
2320 3000 2543 3066 emend„
2579 3002 2756 3058 obtin-

564 3085 682 3153 gnit
700 3084 761 3141 G.
781 3086 936 3152 vict,
971 3094 1247 3155 optumum
1265 3088 1348 3151 D.‚
1386 3087 1663 3155 opricuum
1682 3089 1823 3152 vat„
1859 3088 2076 3157 exponit
2108 3087 2191 3143 ed.
2229 3104 2305 3157 pt.
2340 3106 2388 3144 v.
2423 3120 2493 3130 —
2530 3092 2579 3141 7.
2600 3092 2653 3145 8.
2670 3088 2755 3143 rei

566 3169 653 3224 cui
671 3171 784 3225 VUlt
801 3174 922 3238 (τοῦ
945 3175 1238 3242 πράγματος
1260 3168 1322 3227 οὗ
1345 3175 1509 3234 θέλει)
1531 3173 1755 3238 emend„
1796 3173 1847 3227 ei
1864 3174 1952 3227 cui
1972 3174 2084 3228 vult
2099 3174 2166 3229 D.
2185 3174 2305 3230 vat.
2324 3191 2394 3241 V„
2429 3174 2517 3231 cui
2533 3175 2649 3229 vult
2668 3173 2753 3229 ed.
2779 3201 2784 3207 ·

566 3271 647 3325 pr.
707 3288 744 3299 -
786 3260 834 3310 8.
867 3258 1072 3313 iustum
1105 3266 1150 3323 (ὸ
1193 3261 1413 3328 δίκαιος)
1450 3276 1494 3315 c.
1533 3258 1619 3315 ed.
1654 3275 1736 3328 pr.
1770 3277 1837 3325 v.‚
1872 3258 2015 3313 iuste
2054 3259 2193 3323 Vat.‚
2228 3276 2333 3317 om.
2367 3262 2431 3316 D.
2463 3288 2530 3301 --
2566 3260 2754 3315 dicens

565 3344 616 3408 (ὁ
651 3341 826 3414 λόγος)
858 3361 906 3401 ο.
940 3345 1080 3409 vat„
1121 3345 1319 3400 docens
1339 3345 1495 3411 (D.?)
1533 3344 1617 3398 ed.
1637 3360 1722 3413 pr.
1740 3362 1790 3402 v.
1818 3374 1869 3383 -—·
1910 3343 2159 3401 abscides
2192 3362 2238 3402 c.
2257 3345 2339 3410 D.‚
2377 3344 2595 3400 absides
2612 3345 2754 3409 Vat„

566 3428 852 3485 abscindes
885 3430 970 3487 ed.
1009 3447 1091 3500 pr.
1124 3448 1172 3486 v.
1221 3460 1282 3471 —
1321 3435 1370 3485 9.
1405 3446 1741 3485 commonere
1777 3446 1823 3485 c.
1859 3430 1981 3485 Vat.
2018 3430 2104 3488 ed.
2138 3447 2218 3501 pr.
2253 3449 2330 3497 v..
2378 3445 2654 3487 comovere
2686 3429 2753 3485 D.

569 3544 635 3557 --
673 3517 755 3571 10.
789 3515 940 3579 dem,
981 3516 1232 3585 quoniam
1267 3533 1310 3571 c.
1333 3514 1397 3570 D.
1417 3514 1540 3571 Vat.
1579 3515 1661 3571 ed.
1696 3532 1795 3585 pr..
1830 3516 2094 3581 dominus,
2131 3516 2274 3585 quod
2307 3535 2353 3572 v.
2398 3544 2466 3557 -
2506 3518 2586 3569 11.
2624 3515 2761 3570 scri-

564 3604 762 3657 bentur
804 3604 1264 3674 (ἐγγραφῆσονται)
1310 3602 1544 3665 emend.‚
1599 3601 1798 3659 scribet
1844 3610 1898 3657 te
1934 3601 2016 3656 ed.
2051 3618 2131 3669 pr.
2166 3619 2245 3667 τι,
2300 3602 2490 3658 scribit
2522 3608 2577 3656 te
2614 3602 2755 3664 Vat„

566 3688 824 3743 describit
850 3698 906 3745 te
941 3690 1008 3745 D.
1045 3718 1112 3728 —
1186 3688 1268 3746 12.
1307 3687 1459 3744 dico:
1507 3687 1579 3741 Et
1613 3702 1738 3756 ego.
1797 3686 2013 3742 domina
2055 3688 2175 3744 volo
2222 3692 2369 3759 (λέγω
2408 3689 2567 3759 Κάγὼ
2603 3693 2755 3751 θέλω,

566 3774 740 3843 κυρία)
787 3791 832 3831 c.
868 3774 926 3830 C.
961 3788 1074 3843 (sec
1108 3774 1274 3843 Ang.)
1305 3772 1368 3847 (ἓ.
1406 3772 1545 3828 Vict.
1563 3814 1576 3836 ‚
1632 3772 1781 3827 dicos
1837 3771 2091 3837 Domina,
2150 3789 2249 3843 ego
2290 3774 2411 3831 volo
2446 3775 2537 3840 D.‚
2598 3772 2721 3829 dico
2736 3790 2757 3828 ε

565 3858 823 3926 Domina,
882 3861 1002 3917 volo
1047 3860 1170 3915 Vat.
1218 3860 1302 3917 ed.
1350 3875 1458 3928 pr.,
1524 3858 1645 3915 dico
1679 3857 1763 3915 ei:
1821 3858 2078 3924 Domina,
2132 3861 2253 3914 volo
2287 3877 2335 3915 v.
2370 3890 2437 3900 —-
2510 3861 2592 3913 13.
2627 3874 2757 3929 ergo

565 3962 612 4003 c.
648 3946 770 4001 Vat.
803 3946 886 4001 ed.
919 3960 999 4015 pr.
1034 3966 1114 4012 v.‚
1150 3960 1302 4016 ergo.
1337 3944 1515 4013 inquit
1546 3944 1612 3999 D.
1651 3969 1711 3983 ἡ-
1769 3942 1969 4013 glorias
2005 3958 2051 3998 c.
2088 3945 2153 3998 D.
2192 3944 2343 4011 vat„
2398 3944 2635 4015 gloriose
2669 3944 2755 4001 ed.

565 4046 644 4101 pr.
688 4048 738 4087 v.
775 4058 840 4071 --
918 4035 996 4087 13.
1036 4036 1114 4088 14.
1163 4026 1442 4101 magnifice
1489 4036 1545 4084 et
1586 4028 1807 4084 mirifice
1853 4043 1901 4087 c.
1936 4030 2001 4085 D.
2037 4028 2162 4088 Vat.
2196 4031 2342 4091 Mss.
2367 4032 2525 4103 Angi.
2550 4031 2757 4095 Brenn..

567 4123 623 4171 et
655 4115 934 4188 magnifice
970 4119 1056 4173 ed.
1089 4120 1169 4186 pr'.
1203 4135 1249 4171 v.
1297 4146 1354 4160 -
1431 4118 1511 4169 15.
1550 4130 1657 4169 non
1690 4120 1902 4184 poterat
1934 4114 2093 4170 homo
2128 4116 2399 4172 sustinere
2429 4134 2481 4175 c.
2515 4116 2638 4174 Vat.
2670 4115 2756 4173 ed.

565 4219 647 4272 pr.
691 4222 772 4269 v..
828 4218 938 4262 non
987 4204 1146 4260 homo
1187 4202 1460 4260 sustinere
1501 4206 1715 4270 poterat
1749 4198 1812 4256 D.
1848 4230 1917 4241 —
1992 4204 2072 4255 16.
2106 4200 2165 4257 in
2198 4201 2457 4261 memoria
2488 4219 2537 4261 c.
2572 4202 2635 4257 D.
2672 4202 2760 4258 ed.
