3003 5080
1133 386 1314 442 Mand.
1348 385 1415 442 X.
1451 387 1500 443 1.
1539 391 1591 444 2.
2370 385 2459 458 57

265 581 391 624 rem
436 561 661 624 domini
703 563 927 626 habent
967 571 1027 626 et
1053 570 1399 626 scrutantur
1429 562 1500 625 de
1533 561 1645 625 deo
1673 561 1994 638 veritatem,
2036 559 2455 641 cogitationem

269 677 508 728 omnem
563 668 786 730 babent
843 669 915 730 ad
975 667 1307 731 dominum.
1367 667 1569 729 omnia
1625 685 1777 747 quae
1819 664 2100 727 dicuntur
2142 665 2225 727 eis
2266 666 2456 748 perci-

263 771 440 851 piunt
481 778 538 832 et
579 771 773 833 statim
817 769 1185 850 intelligunt,
1231 771 1367 851 quia
1409 771 1632 834 habent
1672 769 1946 831 timorem
1995 769 2221 831 domini
2264 769 2327 831 in
2371 789 2453 832 se.

266 874 368 936 ubi
427 875 584 936 enim
632 874 909 953 dominus
953 873 1274 956 inhabitat,
1345 875 1427 936 ibi
1470 882 1530 935 et
1574 891 1782 935 sensus
1825 871 2048 934 multus
2094 873 2453 954 adiungitur.

268 977 522 1059 adiunge
581 996 722 1058 ergo
768 986 825 1040 te
868 978 1111 1040 domino
1158 986 1218 1040 et
1260 978 1459 1039 omnia
1504 977 1800 1057 intelliges
1840 994 1909 1037 ac
1949 977 2185 1038 sentieS.
2272 976 2457 1039 2audi
2512 971 2555 1037 5

267 1100 465 1163 nunc,
544 1081 862 1162 insipienS,
935 1083 1433 1162 quemadmodum
1491 1080 1721 1143 tristitia
1782 1078 2142 1141 contribulat
2182 1080 2453 1160 spiritum

265 1194 539 1249 sanctum
614 1194 673 1246 et
735 1187 1036 1265 quomodo
1096 1185 1321 1247 salvum
1382 1185 1539 1270 facit.
1599 1202 1734 1245 cum
1797 1181 2012 1244 dubius
2065 1182 2337 1245 inciderit
2390 1184 2454 1245 in

269 1289 510 1370 negotio
553 1289 771 1369 aliquo,
817 1299 878 1350 et
917 1307 1040 1351 non
1087 1289 1280 1351 evenit
1322 1288 1403 1349 illi
1446 1295 1691 1368 propter
1734 1285 2181 1362 dubitationem,
2225 1287 2454 1349 tristitia

264 1395 411 1454 haec
469 1393 652 1454 intrat
707 1393 769 1453 in
829 1391 1132 1454 hominem
1192 1402 1251 1454 et
1307 1391 1535 1454 tristem
1590 1389 1727 1452 facit
1765 1389 2037 1470 ,spiritum
2082 1397 2353 1452 sanctum
2396 1401 2457 1453 et

265 1497 512 1558 tribulat
569 1515 728 1568 eum.
785 1494 995 1556 deinde
1054 1495 1268 1557 iterum
1315 1479 1637 1556 iracundia
1696 1512 1830 1555 cum
1877 1493 2186 1554 accesserit
2226 1493 2453 1555 homini
2475 1491 2556 1555 10

264 1620 374 1681 pro
421 1600 658 1681 negotio
703 1599 936 1676 aliquo,
983 1598 1361 1661 vehementer
1393 1598 1708 1672 irascitur,
1756 1604 1813 1658 et
1854 1597 2001 1658 haec
2042 1597 2128 1658 ira
2172 1597 2351 1660 intrat
2392 1597 2454 1659 in

264 1703 610 1786 praecordia
665 1702 1006 1783 irascentiS,
1082 1711 1140 1764 et
1199 1701 1517 1764 tribulatur
1574 1701 1632 1762 in
1696 1701 1933 1781 negotio
1985 1719 2095 1761 suo
2142 1701 2301 1780 quod
2342 1701 2459 1782 agit

266 1816 336 1872 et,
367 1807 671 1888 poenitet,
720 1806 877 1884 quod
927 1805 1080 1867 male
1121 1806 1343 1867 fecerit.
1391 1813 1675 1885 utraeque
1720 1824 1861 1885 ergo
1907 1823 2004 1866 res
2048 1805 2293 1868 laedunt
2336 1806 2456 1886 spi-

265 1911 447 1973 ritum
493 1919 800 1990 sanctum,
847 1908 1131 1970 dubitatio
1179 1919 1237 1970 et
1277 1909 1541 1970 tristitia:
1610 1908 1932 1989 dubitatio,
1977 1908 2111 1988 quia
2156 1929 2280 1971 non
2320 1929 2456 1971 suc-

178 2037 185 2044 ·
267 2013 440 2076 cessit
500 2022 666 2075 actus
726 2013 884 2094 eiuS,
959 2023 1018 2074 et
1076 2011 1302 2073 tristitia
1322 2058 1338 2087 ,
1411 2012 1548 2092 quia
1610 2011 1747 2075 fecit
1790 2011 2153 2073 iracundiam
2201 2013 2453 2092 spiritui.
2478 2009 2557 2073 15

265 2119 434 2180 aufer
476 2137 617 2198 ergo
662 2116 956 2179 tristitiam
998 2135 1034 2176 a
1076 2125 1134 2177 te
1177 2124 1237 2176 et
1275 2115 1398 2176 noli
1445 2134 1662 2177 nocere
1706 2115 1974 2196 spiritum
2020 2124 2315 2192 sanctum,
2355 2107 2455 2198 qui

264 2223 326 2283 in
373 2230 436 2282 te
481 2221 722 2296 habitat,
767 2239 844 2282 ne
887 2229 1058 2300 roget
1101 2219 1409 2280 dominum
1457 2226 1517 2280 et
1554 2219 1790 2281 recedat
1828 2238 1860 2279 a
1900 2227 1979 2283 te.
2026 2219 2267 2300 spiritus
2296 2221 2455 2282 enim

264 2327 392 2402 dei,
469 2325 570 2405 qui
632 2325 814 2387 datus.
861 2331 950 2385 est
1006 2323 1068 2384 in
1127 2341 1339 2398 carne,
1415 2321 1707 2384 tristitiam
1769 2341 1893 2384 non
1950 2325 2218 2386 sustinet.
2277 2325 2457 2388 indue

398 2552 450 2602 2.
487 2550 538 2606 3.
573 2547 877 2617 percipiunt
909 2559 957 2602 o.
985 2550 1045 2602 D.
1081 2546 1150 2601 ed
1180 2561 1261 2614 pr.
1295 2562 1359 2611 v.‚
1395 2543 1701 2615 precipiunt
1716 2545 1845 2603 Vat.
1880 2572 1948 2585 —-
1985 2546 2031 2601 3.
2069 2545 2377 2617 intelligunt
2408 2566 2457 2608 e.

263 2635 317 2689 Ο.
351 2636 418 2691 D.
457 2635 580 2689 Vat.
616 2633 756 2690 Vict.
793 2633 1009 2699 Dress.,
1044 2630 1418 2701 intelliguntur
1453 2629 1566 2685 Cot.
1606 2660 1668 2671 -
1707 2630 1835 2700 quia
1866 2631 1997 2700 (ὅτι)
2034 2648 2079 2688 c.
2116 2650 2167 2690 v.
2184 2674 2198 2698 ‚
2259 2634 2351 2703 qui
2387 2636 2455 2691 D.

208 2710 212 2714 ’
266 2723 389 2779 Vat.
427 2721 568 2776 vict.
613 2719 696 2774 ed.
731 2736 816 2791 pr.
865 2750 926 2760 —
998 2723 1049 2778 4.
1095 2718 1343 2775 dominus
1389 2717 1445 2786 (ὁ
1483 2717 1681 2787 κύριος)
1717 2731 1764 2773 c.
1798 2716 1861 2774 Β.
1903 2716 2065 2785 vict„
2104 2718 2327 2787 spiritus
2363 2720 2457 2777 do-

263 2807 392 2862 mini
430 2807 496 2861 D.
535 2808 658 2863 Vat.
695 2806 776 2862 ed.
812 2822 891 2875 pr.
927 2825 974 2862 v.
1015 2836 1082 2846 —-
1152 2809 1198 2858 5.
1236 2803 1509 2872 intelliges
1542 2817 1606 2858 ac
1644 2804 1901 2872 (συνήσεις
1938 2808 2040 2871 καὶ)
2078 2819 2121 2861 c.
2160 2806 2245 2864 ed.
2279 2823 2362 2874 pr.
2382 2826 2452 2875 v.‚

264 2910 361 2949 om.
395 2894 464 2947 D.
500 2893 623 2947 Vat.
659 2923 727 2933 -
798 2894 844 2948 6.
882 2891 1284 2947 contribulat-c.
1321 2893 1379 2946 D.
1415 2890 1544 2945 Vat.
1579 2888 1662 2944 ed.
1697 2904 1804 2959 pr.‚
1858 2890 2064 2946 cruciat
2095 2909 2141 2947 v.
2176 2923 2245 2933 -
2321 2894 2369 2947 7.
2408 2898 2456 2949 8.

265 2981 319 3035 in
354 2980 570 3050 negotio
605 2978 787 3049 aliquo
823 2993 868 3032 c.
905 2977 971 3031 D.
1009 2978 1149 3042 Vat„
1184 2978 1242 3032 in
1277 2976 1552 3045 negotium
1585 2975 1805 3045 aliquod
1842 2975 1924 3033 ed.
1957 2992 2041 3047 pr.
2074 2994 2126 3033 v.
2161 3008 2227 3018 —-
2265 2982 2312 3034 8.
2348 2996 2457 3037 non

267 3068 444 3123 evenit
477 3067 559 3121 illi
595 3068 812 3135 (ταύτης
847 3066 1102 3135 ἀποτύχῃ)
1137 3080 1182 3119 c.
1217 3063 1307 3129 L„
1333 3060 1336 3063 ’
1366 3079 1474 3118 non
1509 3062 1755 3131 pervenit
1788 3062 1868 3117 illi
1902 3065 2030 3119 Vat.
2065 3082 2140 3130 ν..
2192 3082 2301 3121 non
2333 3083 2455 3136 pro-

263 3156 469 3210 venerit
520 3154 599 3209 illi
636 3153 730 3217 D.‚
785 3166 894 3207 non
939 3151 1248 3219 assequitur
1281 3149 1418 3205 illud
1452 3148 1535 3204 ed.
1574 3164 1657 3219 pr.
1697 3178 1755 3189 -
1830 3150 1878 3202 9.
1916 3149 1973 3204 in
2007 3150 2277 3206 hominem
2311 3168 2355 3207 c.
2387 3155 2453 3208 D.

265 3242 344 3295 ed.
379 3257 466 3309 pr.
502 3258 548 3296 v.
566 3281 579 3306 ‚
615 3238 673 3294 in
707 3237 925 3294 homine
961 3238 1087 3293 Vat.
1121 3267 1190 3277 -
1224 3236 1474 3303 spiritum
1510 3240 1756 3290 sanctum
1790 3252 1833 3291 c.
1870 3234 1936 3289 D.
1974 3237 2059 3291 ed.
2097 3254 2179 3307 pr.
2216 3257 2291 3307 v.‚
2346 3240 2455 3310 spi-

265 3326 424 3381 ritum
472 3330 527 3381 et
573 3323 838 3395 quomodo
887 3324 1094 3379 salvum
1144 3322 1277 3377 facit
1311 3327 1555 3399 sanctum
1590 3322 1715 3377 Vat.
1774 3352 1839 3361 -
1914 3324 1990 3376 10.
2046 3325 2271 3382 tribulat
2306 3342 2351 3383 c.
2387 3327 2454 3381 D.

268 3415 386 3467 Vat.
434 3412 522 3471 ed.
568 3429 681 3481 pr„
735 3415 894 3465 vexat
926 3427 976 3467 v.
1011 3440 1080 3449 —
1134 3408 1327 3462 iterum
1364 3425 1407 3463 c.
1443 3408 1510 3462 D.
1548 3406 1630 3463 ed.
1665 3423 1743 3477 pr.
1780 3426 1856 3473 v.,
1908 3409 2037 3463 item
2074 3412 2195 3467 Vat.
2235 3439 2299 3453 -
2373 3418 2455 3471 12.

265 3499 581 3567 praecordia
616 3516 659 3555 c.
693 3502 752 3553 D.
791 3496 872 3551 ed.
913 3511 992 3566 pr.
1028 3513 1074 3550 v.
1088 3536 1102 3561 ‚
1137 3494 1388 3550 vecordia
1423 3496 1547 3550 Vat.
1584 3526 1651 3535 ·-—
1688 3494 1977 3550 tribulatur
2012 3511 2057 3552 c.
2083 3498 2203 3552 Vat.
2240 3498 2322 3553 ed.
2359 3516 2457 3570 pr„

265 3586 652 3642 contribulatur
669 3584 752 3650 D.‚
785 3587 1010 3638 vexatur
1041 3600 1088 3637 v.
1109 3610 1173 3621 -
1214 3583 1295 3636 13.
1314 3580 1557 3649 poenitet
1577 3594 1625 3635 c.
1643 3579 1707 3634 D.
1730 3584 1869 3647 vat„
1902 3588 2092 3649 postea
2108 3584 2349 3651 poenitet
2371 3588 2455 3643 ed.

265 3686 342 3739 pr.
377 3689 426 3728 v.
461 3702 530 3711 —-
583 3669 725 3740 quod
771 3669 912 3723 male
957 3666 1165 3725 fecerit.
1213 3684 1317 3725 om.
1351 3684 1431 3736 gr.
1469 3665 1601 3733 αὕτη
1638 3660 1729 3720 οὖν
1770 3667 1797 3731 ἦ
1834 3668 1967 3735 λύπη
2005 3669 2151 3724 δοκεῖ
2178 3684 2455 3747 σαυτηριάγ

267 3763 433 3829 ἔχειν,
471 3758 556 3810 ὅτι
589 3758 647 3809 ‘td
689 3757 913 3823 πονηρὸν
951 3755 1146 3825 πράξας
1181 3756 1510 3824 μετενόησεν.
1549 3782 1612 3793 -
1665 3756 1928 3822 utraeque
1967 3768 2091 3823 ergo
2125 3770 2215 3811 res
2251 3758 2456 3829 (ἐμφό-

255 3866 407 3913 neem
449 3838 540 3897 οὖν
579 3846 638 3895 αἱ
671 3843 904 3911 πράξεις)
939 3856 984 3895 c.
1021 3842 1083 3893 D.
1120 3857 1197 3905 v.,
1245 3843 1474 3909 uterque
1511 3854 1637 3909 ergo
1675 3840 1828 3907 Vat.,
1887 3844 2116 3909 utraque
2154 3843 2236 3898 ed.
2271 3862 2349 3915 pr.
2388 3878 2456 3887 —-

272 3929 346 3983 14.
388 3931 469 3983 15.
521 3928 807 3995 dubitatio,
866 3926 994 3996 quia.
1032 3942 1140 3981 non
1178 3956 1248 3966 —
1301 3929 1356 3979 et
1389 3925 1611 3982 tristitia
1644 3940 1692 3983 c.
1730 3924 1793 3979 D.
1830 3924 1915 3982 ed.
1950 3941 2029 3995 pr.
2068 3945 2143 3991 v.‚
2198 3945 2294 3983 om.
2332 3932 2455 3989 Vat.

267 4020 484 4086 propter
528 4014 1006 4071 homoeoteleuton.
1059 4040 1126 4052 —-
1199 4012 1278 4066 16.
1332 4028 1527 4068 nocere
1562 4029 1609 4074 c,
1650 4015 1709 4068 D.
1742 4012 1864 4066 Vat.
1910 4010 2007 4081 (cf.
2042 4012 2305 4072 Roensch.
2341 4017 2376 4071 1.
2417 4020 2454 4077 1,

267 4116 316 4168 p.
351 4102 504 4169 441),
563 4100 836 4157 offendere
885 4099 969 4154 ed.
1018 4114 1098 4165 pr.
1132 4116 1180 4153 v.
1229 4129 1296 4138 —
1376 4100 1455 4153 17.
1489 4099 1711 4155 recedat
1750 4113 1791 4153 c.
1832 4102 1886 4152 D.
1924 4097 2045 4153 Vat.
2086 4098 2167 4154 ed.
2202 4117 2281 4171 pr.
2320 4103 2451 4171 Cot„

272 4185 508 4244 discedat
539 4187 718 4243 Dress.
763 4215 820 4228 -
900 4187 978 4240 18.
1015 4198 1174 4241 carne
1207 4197 1254 4237 c.
1291 4183 1358 4240 D.
1394 4186 1517 4241 vat.
1558 4186 1641 4241 ed.
1677 4199 1786 4254 pr„
1822 4197 2039 4240 carnem
2074 4202 2120 4242 v.
2158 4218 2225 4228 ——
