3003 5080
525 389 632 452 XII
1475 385 1775 473 l³raefatio.

526 563 669 624 dixit
709 560 1146 626 mihi“..aeth.:
1211 570 1310 638 „et
1350 561 1547 623 vivent
1592 561 1855 623 domino.
1902 570 1960 623 et
2003 581 2249 637 omneS,
2315 564 2415 643 qui
2461 563 2713 642 peccatis

525 649 647 722 suis
690 648 973 709 adiiciunt
1015 656 1074 708 et
1116 647 1176 708 in
1224 646 1701 727 concupiscentia
1746 648 1925 709 huius
1954 648 2134 710 seculi
2162 650 2491 721 ambulant,
2535 649 2712 711 morti

525 755 588 796 se
644 735 804 815 ipsos
863 734 1131 795 subditos
1187 734 1428 796 faciunt.
1475 745 1539 795 tu
1598 744 1790 795 autem
1848 735 2085 796 ambula
2129 735 2191 795 in
2234 736 2525 797 mandatis
2567 737 2711 797 meis

525 823 805 896 et>viveS‚
853 829 912 882 et
955 820 1147 881 omnis
1191 820 1293 899 qui
1335 820 1394 880 in
1436 819 1504 881 iis
1550 821 1937 882 ambulaverit
1980 833 2038 883 et
2081 830 2307 883 rectum
2337 822 2557 896 fecerit,
2605 823 2712 904 do-

526 907 688 968 mino
749 907 961 969 vivet.“
1019 915 1078 968 et
1117 908 1262 967 haec
1307 906 1569 968 ostendit
1609 907 1771 968 mihi.
1817 917 1953 987 post
1996 909 2142 970 haec
2186 908 2383 969 omnia
2430 908 2571 968 mihi
2620 909 2710 968 lo·-

525 1003 697 1055 cutus
741 1002 830 1055 est
873 1003 932 1056 et
974 993 1197 1055 dixit“:

1380 1128 1552 1190 Sim.
1596 1128 1725 1204 IX,
1768 1126 1829 1192 9.

646 1253 706 1313 p.
757 1231 900 1306 122,
951 1229 1196 1295 19—21
1247 1250 1475 1310 graece.
1561 1227 1565 1232 ’
1813 1252 1873 1311 p.
1911 1228 2053 1304 128,
2097 1229 2269 1294 4—ss
2312 1231 2523 1293 latine:

607 1314 972 1400 ἐκλήθησαν
1033 1316 1102 1379 δὲ
1145 1323 1424 1398 γυναῖκες
1471 1315 1590 1382 δώ·
1730 1327 1968 1379 vocatae
2013 1318 2223 1379 deinde
2262 1327 2403 1380 sunt
2433 1319 2709 1380 mulieres

524 1406 706 1483 δεκα,
765 1401 1189 1466 εὗεῖδίσταται
1248 1407 1334 1488 τῷ
1387 1425 1589 1485 χαρα-
1642 1405 2106 1484 speciosissimae
2166 1405 2481 1466 duodecim
2544 1405 2709 1484 nigra

522 1496 728 1573 κτῆρι,
757 1488 999 1568 μέλανα
1021 1489 1432 1566 ἔνδεδυμέναι,
1463 1493 1589 1570 [πε-
1642 1501 1800 1552 veste
1832 1491 2093 1564 vestitae,
2135 1491 2425 1553 incinctae
2455 1501 2513 1553 et
2542 1511 2710 1552 exer-

523 1573 958 1656 ριεζωσμέναι,
1019 1571 1140 1649 ἔξω
1185 1573 1330 1650 τοὺς
1377 1571 1591 1654 ὤμους
1642 1578 1716 1638 tis
1770 1577 2071 1651 humeris,
2138 1577 2359 1658 capillis
2404 1597 2541 1639 vero
2590 1578 2709 1638 dis-

525 1659 800 1742 ἕχουσαι]
861 1661 962 1724 καὶ
1007 1658 1121 1736 τὰς
1166 1661 1382 1743 τρίχας
1420 1665 1591 1724 λελυ-
1642 1664 1869 1725 solutis,

521 1747 722 1828 μέναι.
861 1757 866 1760 ’

727 1851 874 1911 haec
917 1850 1039 1912 fere
1081 1850 1412 1930 supplenda
1457 1869 1585 1912 esse
1629 1851 1797 1913 docet
1841 1852 2014 1913 etiam
2047 1849 2205 1912 Pal.:
2256 1861 2355 1928 „et
2398 1871 2532 1914 ecce
2575 1871 2709 1913 mu-

522 1937 692 1998 lieres
738 1934 1048 1997 duodecim
1095 1936 1262 1998 valde
1305 1937 1789 2016 speciosissimae,
1834 1939 2000 2019 nigra
2048 1945 2207 2000 veste
2249 1938 2490 2000 vestitae
2534 1950 2592 2000 et
2634 1941 2707 1999 ab

523 2022 784 2085 humeris
830 2021 1055 2084 cinctae
1100 2032 1158 2084 et
1201 2023 1424 2103 capillis
1467 2024 1742 2085 solutis“.
1788 2027 1977 2086 aeth.:
2051 2024 2305 2100 „deinde
2348 2034 2709 2086 vocaverunt

523 2109 802 2171 mulieres
860 2107 969 2169 XII
1022 2118 1296 2170 venustas
1355 2119 1413 2170 et
1469 2110 1748 2189 pulchras
1812 2121 2084 2191 aspectu,
2157 2120 2216 2171 et
2258 2111 2493 2172 vestitae
2538 2119 2709 2192 erant

523 2194 884 2257 vestimentis
929 2194 1113 2274 nigris
1155 2204 1214 2256 et
1259 2196 1594 2257 succinctae
1640 2205 1842 2273 erant,
1911 2207 1969 2260 et
2013 2205 2285 2258 extensae
2328 2216 2531 2259 earum
2578 2216 2705 2258 ma-

523 2302 658 2358 nuS‚
705 2290 764 2343 et
805 2281 987 2341 soluti
1030 2281 1222 2361 capilli
1265 2286 1533 2343 earum“.

718 2367 981 2428 minores
1041 2366 1415 2446 singulorum
1469 2369 1899 2430 vocabulorum
1946 2386 2295 2448 graecorum
2342 2366 2705 2430 emendatio-

521 2473 627 2516 nes
671 2454 766 2514 hic
811 2452 1025 2515 addere
1071 2454 1230 2514 nolo.
1278 2455 1349 2514 de
1393 2473 1617 2533 graeco·
1656 2455 1957 2534 latinoque
1986 2454 2231 2516 Pastore
2260 2474 2521 2516 asserere
2552 2455 2705 2529 licet,

523 2540 681 2621 quod
743 2559 954 2601 manus
1016 2559 1262 2601 manum
1319 2542 1490 2603 lavat.
1550 2550 1807 2602 veterem
1870 2540 2047 2621 igitur
2104 2540 2352 2603 latinum
2402 2543 2704 2604 Pastorem

507 2642 647 2689 'non
691 2627 911 2689 frustra
953 2626 1202 2688 edidisse
1248 2627 1389 2688 mihi
1431 2628 1653 2688 videor.

2252 2772 2353 2839 Α..
2404 2772 2504 2839 Η.

633 2867 839 2946 scripsi
896 2866 1149 2928 lenae.

517 2961 656 3017 ante
705 2954 761 3015 d.
809 2952 934 3015 XII.
981 2952 1102 3013 Cal.
1147 2952 1293 3013 Nov.

646 3037 1126 3101 MDCCCLXXII.
