3003 5080
1349 400 1466 459 vis.
1499 400 1564 458 v.
1702 435 1707 438 -
2465 404 2551 472 35

357 569 534 630 mihi:
613 571 863 648 „Missus
905 591 1038 634 sum
1085 574 1156 634 ab
1203 575 1306 637 illo
1352 576 1675 638 venerabili
1717 575 1971 653 nuncio',
2045 575 2109 639 ut
2152 578 2410 640 habitem
2457 577 2549 640 te-

359 691 496 734 cum
552 674 812 753 reliquos
865 677 986 738 dies
1047 678 1196 740 vitae
1251 685 1448 745 tuae“.
1510 690 1569 741 et
1620 699 1731 760 ego
1794 679 2073 761 putabam
2119 700 2255 744 eum
2300 683 2372 744 ad
2417 692 2547 745 ten-

358 779 606 840 tandum
655 799 749 840 me
793 780 1022 842 venisse
1066 790 1124 842 et
1160 782 1290 844 dico
1335 784 1422 844 ei:
1498 784 1631 861 „Tu
1676 783 1835 846 enim
1879 785 2011 863 quis
2055 783 2164 847 es?
2230 805 2338 865 ego
2384 787 2543 847 enim

357 881 528 963 novi,
604 883 696 944 cui
767 883 1016 945 traditus
1089 891 1285 947 sum“.
1362 887 1442 948 ait
1500 887 1674 948 mihi:
1763 889 1936 964 „Non
1994 889 2304 968 cognoscis
2361 889 2546 951 me“?

358 984 596 1067 „Non“‚
643 987 907 1067 inquam.
999 988 1164 1069 „Ego
1210 1010 1341 1052 sum
1388 991 1490 1051 ille
1534 1001 1772 1070 pastor,
1836 993 1931 1054 cui
1975 993 2225 1055 traditus
2271 997 2396 1054 es“.
2432 995 2546 1055 ad·
2603 989 2644 1053 5

351 1088 469 1149 huc
519 1088 800 1169 loquente
849 1110 919 1151 eo
966 1093 1155 1172 figura
1201 1094 1328 1155 eius
1370 1103 1596 1156 mutata
1641 1103 1748 1157 est.
1811 1115 2067 1177 cumque
2112 1097 2544 1177 cognovissem,

353 1211 489 1253 eum
535 1213 696 1275 esse,
748 1194 844 1256 cui
890 1196 1139 1258 traditus
1185 1198 1434 1272 sueram,
1479 1199 1765 1260 confusus
1808 1219 1941 1260 sum
1987 1200 2281 1282 protinuS‚
2328 1209 2543 1262 metus-

354 1315 466 1375 que
509 1297 572 1358 in
617 1316 714 1359 me
757 1298 1026 1375 intravit,
1089 1311 1146 1362 et
1190 1310 1349 1362 totus
1395 1319 1671 1363 moerore
1716 1305 2026 1366 confectus
2070 1323 2237 1380 sum,
2282 1305 2417 1383 quia
2459 1305 2542 1366 sic

349 1401 630 1479 respondi
692 1401 744 1461 ei
788 1404 1062 1483 nequiter
1108 1414 1168 1466 et
1209 1405 1575 1485 insipienter.
1637 1405 1715 1467 ait
1760 1408 1935 1469 mihi:
2014 1410 2187 1487 „Noli
2233 1408 2542 1484 confundi,

349 1502 452 1563 sed
512 1504 788 1566 virtutem
851 1507 1097 1588 concipe
1154 1508 1352 1570 animo
1399 1509 1456 1570 in
1505 1509 1799 1570 mandatis
1847 1513 2028 1589 meis,
2102 1532 2252 1593 quae
2297 1512 2541 1572 daturus
2564 1516 2641 1579 10

351 1625 482 1667 sum
546 1606 663 1670 tibi.
718 1610 930 1672 missus
974 1630 1106 1672 sum
1154 1611 1351 1692 enim,
1427 1612 1655 1690 inquit,
1726 1624 1793 1675 ut
1837 1635 1988 1695 quae
2034 1615 2225 1676 vidisti
2268 1615 2541 1694 superius

351 1711 549 1772 omnia
596 1712 697 1773 tibi
743 1733 951 1775 rursus
997 1716 1345 1784 ostendam,
1401 1735 1553 1794 quae
1598 1736 1670 1776 ex
1713 1718 1795 1778 eis
1836 1719 2153 1800 praecipue
2197 1718 2359 1779 utilia
2402 1729 2543 1779 sunt

348 1815 535 1877 vobis.
599 1817 860 1896 primum
907 1819 1174 1880 omnium
1225 1820 1496 1880 mandata
1543 1838 1674 1880 mea
1718 1831 1777 1882 et
1819 1822 2042 1902 species
2086 1820 2537 1883 similitudinum

348 1917 558 1980 scribe.
603 1921 834 2000 reliqua
879 1930 1071 1983 autem
1121 1922 1273 1983 sicut
1316 1924 1634 1985 ostendero
1680 1924 1818 1998 tibi,
1884 1924 1968 1984 sic
2013 1943 2080 1985 ea
2125 1923 2365 1985 scribes,
2402 1924 2534 1985 ideo

348 2031 543 2084 autem
605 2025 900 2105 praecipio
954 2024 1112 2108 tibi„
1167 2027 1425 2105 primum
1487 2028 1761 2089 mandata
1821 2046 1949 2090 mea
2004 2036 2063 2089 et
2120 2026 2535 2089 similitudines
2560 2033 2637 2095 15

347 2127 644 2204 scribere,
716 2139 782 2190 ut
846 2128 1098 2190 subinde
1172 2130 1424 2209 legendo
1498 2131 1725 2192 facilius
1798 2150 1866 2192 ea
1926 2130 2223 2193 custodire
2280 2131 2533 2211 possis“.

346 2231 556 2311 scripsi
613 2231 790 2312 igitur
847 2231 1119 2293 mandata
1183 2243 1242 2294 et
1281 2211 1696 2296 similitudines
1739 2235 1851 2311 ita,
1923 2244 1989 2296 ut
2033 2235 2328 2316 praecepit
2371 2236 2536 2297 mihi.

347 2353 498 2414 quae
551 2335 746 2397 audita
790 2336 837 2396 si
883 2336 1276 2398 custodieritis
1322 2346 1498 2417 atque
1542 2337 1602 2398 in
1647 2339 1738 2399 his
1784 2338 2216 2401 ambulaveritis
2260 2350 2321 2401 et
2364 2358 2534 2401 exer-

351 2438 589 2501 cueritis
633 2460 701 2501 ea
745 2450 944 2502 mente
988 2460 1172 2521 pura,
1227 2441 1519 2522 recipietis
1562 2462 1594 2504 a
1640 2443 1883 2504 domino
1928 2461 2319 2524 quaecunque
2362 2443 2536 2523 polli-

487 2580 532 2629 1.
570 2576 664 2632 illo
702 2593 747 2632 c.
785 2576 849 2630 D.
884 2576 1005 2632 Vat.
1045 2576 1128 2632 ed.
1163 2592 1244 2645 pr.
1264 2576 1465 2645 Dress.,
1501 2593 1568 2633 eo
1590 2578 1707 2636 Cot.
1728 2608 1792 2621 ·-
1832 2582 1881 2637 2.
1917 2579 2058 2635 vitae
2092 2585 2222 2636 tuae
2256 2580 2373 2648 (τῆς
2412 2585 2535 2651 ζωῆς

342 2663 462 2733 σου)
511 2678 555 2719 c.
612 2681 692 2729 ι,
747 2662 854 2718 vite
901 2676 1020 2717 mee
1066 2662 1130 2717 D.
1180 2661 1266 2720 ed.
1303 2679 1412 2731 pr.‚
1467 2678 1587 2718 mee
1623 2664 1729 2720 vite
1765 2664 1892 2721 Vat.
1928 2694 1997 2705 —-
2050 2680 2174 2720 eum
2210 2682 2253 2721 c.
2290 2666 2357 2720 D.
2393 2665 2533 2731 Vat„

335 2750 519 2818 ipsum
553 2750 636 2805 ed.
675 2765 755 2817 pr.
788 2767 836 2805 v.
875 2778 937 2789 --
1006 2752 1057 2801 4.
1091 2748 1210 2803 Non
1245 2763 1290 2801 c.
1327 2748 1449 2804 Vat.
1485 2749 1569 2805 ed.
1604 2766 1683 2820 pr.
1719 2769 1797 2818 ι,
1832 2750 1904 2805 Et
1936 2767 2043 2805 non
2076 2749 2143 2805 D.
2177 2782 2244 2791 —-
2313 2755 2361 2805 5.
2396 2750 2533 2818 Νοιι,

338 2835 564 2907 inquam
613 2854 660 2893 c.
698 2835 822 2891 Vat.
867 2833 951 2889 ed.
987 2850 1068 2902 pr.
1105 2853 1180 2901 v.‚
1236 2850 1580 2906 nequaquam
1614 2836 1705 2903 L.‚
1762 2853 1865 2892 om.
1903 2838 1968 2892 D.
2003 2869 2073 2878 —
2124 2837 2239 2908 Ego
2280 2852 2401 2893 sum
2439 2837 2535 2892 ille

335 2929 529 2992 pastor
561 2940 606 2979 c.
639 2922 707 2979 D.
744 2922 867 2979 Vat.
905 2920 992 2979 ed.
1025 2937 1122 2990 pr..
1163 2921 1295 2991 Ego,
1331 2922 1525 2992 inquit,
1562 2939 1682 2978 sum
1716 2930 1903 2992 pastor
1936 2924 2029 2979 ille
2064 2942 2111 2980 v.
2154 2953 2219 2965 -
2274 2928 2325 2981 6.
2360 2923 2535 2994 figura

337 3026 388 3068 c.
423 3010 546 3067 Vat-
580 3009 664 3066 ed.
699 3023 783 3077 pr.
817 3025 895 3075 v.‚
931 3006 1162 3076 figurata
1196 3006 1264 3066 D.
1301 3038 1367 3049 -
1440 3011 1487 3065 7.
1526 3026 1651 3066 eum
1688 3026 1809 3067 esse
1846 3012 2063 3081 (αὐτόν,
2095 3012 2181 3064 ὅτι
2215 3017 2406 3073 ἐκεῖνος
2443 3006 2533 3080 ἦν)

335 3112 386 3153 c.
421 3096 504 3151 ed.
542 3112 655 3166 pr.,
691 3108 813 3150 esse
851 3109 976 3149 eum
1013 3112 1078 3160 v.‚
1114 3109 1237 3149 eum
1276 3095 1341 3149 D.
1380 3097 1503 3152 vat.
1539 3126 1606 3137 -
1645 3099 1692 3153 7.
1734 3098 1781 3153 8.
1818 3096 2091 3175 confusus·
2114 3112 2236 3153 sum
2269 3096 2531 3168 protinus,

335 3188 621 3253 metusque
657 3180 716 3236 in
756 3196 840 3235 me
876 3180 1096 3236 intravit
1131 3181 1316 3249 (εὖθὺς
1354 3185 1799 3257 συνεχύθην,“καὶ
1834 3186 1996 3253 φόβος
2030 3206 2097 3253 με
2134 3190 2346 3254 ἔλαβεν)
2383 3202 2428 3242 c.
2450 3184 2531 3251 B„

326 3270 596 3328 'confusus
643 3284 790 3335 sum,
844 3266 1197 3337 protinusque
1256 3274 1433 3323 metus
1478 3268 1537 3322 in
1582 3284 1667 3324 me
1715 3269 1937 3326 intravit
1968 3272 2031 3326 D.
2068 3270 2189 3326 Vat.
2206 3312 2220 3337 ,
2275 3270 2533 3327 confusus
2639 3336 2644 3340 ,
2728 3326 2733 3331 .

335 3372 486 3425 sum,
541 3355 894 3427 protinusque
946 3360 1124 3409 metus
1177 3368 1262 3407 me
1317 3354 1482 3410 subiit
1538 3355 1622 3409 ed.
1676 3371 1756 3426 pr.
1807 3374 1857 3413 v.
1924 3384 1977 3393 -
2059 3359 2110 3413 8.
2163 3358 2211 3411 9.
2268 3357 2396 3426 quia
2450 3356 2531 3413 sic

334 3444 590 3514 respondi
635 3444 687 3497 ei
736 3436 986 3512 nequiter
1031 3445 1086 3494 et
1132 3439 1452 3508 insipienter
1497 3456 1543 3496 c.
1592 3441 1717 3500 Vat.
1768 3442 1955 3497 Dress.
1970 3483 1985 3508 ,
2041 3441 2317 3511 (nequiter
2359 3447 2413 3497 et
2446 3441 2529 3497 in-

333 3529 595 3599 sipienter
629 3529 794 3585 etiam
827 3528 890 3585 B.
928 3526 985 3583 C.
1018 3525 1080 3582 L.
1118 3526 1300 3593 Vict.)‚
1353 3533 1409 3582 et
1459 3526 1593 3597 quia'
1621 3527 1701 3583 sic
1734 3528 1991 3597 respondi
2025 3526 2275 3597 nequiter
2312 3533 2369 3583 et
2397 3526 2529 3583 insi-

335 3615 550 3685 pienter
583 3616 650 3675 D.
666 3657 680 3682 ‚
715 3614 847 3685 quia
881 3614 959 3670 sic
993 3613 1044 3669 ei
1078 3613 1461 3683 responderam
1494 3614 1817 3684 insipienter
1851 3614 1936 3671 ed.
1970 3630 2050 3686 pr.
2084 3631 2131 3669 v.
2166 3644 2233 3653 —
2272 3616 2353 3669 12.
2388 3630 2527 3685 quae

333 3717 403 3758 ex
449 3701 532 3759 eis
575 3702 865 3773 praecipue
912 3716 957 3756 c.
993 3700 1058 3755 D.
1093 3699 1216 3755 Vat.
1265 3701 1397 3769 (om.
1434 3701 1573 3771 eis),
1626 3701 1881 3772 precipue
1917 3715 1983 3756 ex
2018 3700 2098 3754 eis
2135 3714 2274 3770 quae
2308 3700 2395 3760 ed.
2428 3718 2527 3773 pr.‚

331 3788 627 3859 praecipue
679 3803 818 3857 quae
853 3802 922 3842 ex
957 3786 1038 3841 eis
1072 3804 1120 3841 v.
1153 3814 1222 3826 —
1295 3786 1373 3842 13.
1429 3786 1666 3843 omnium
1703 3804 1745 3843 c.
1781 3786 1847 3839 D.
1884 3784 1971 3844 ed.
2004 3802 2084 3856 pr.
2118 3804 2198 3853 ι,
2253 3788 2433 3845 omnia
2466 3786 2527 3846 L.

334 3876 462 3933 Vat.
501 3904 565 3915 ——
600 3874 856 3930 mandata
892 3891 937 3930 c.
973 3874 1037 3929 D.
1073 3872 1158 3928 ed.
1195 3889 1274 3941 pr.
1309 3891 1373 3939 v„
1410 3890 1511 3929 om.
1552 3876 1673 3931 Vat.
1710 3904 1778 3914 —
1820 3870 2229 3928 similitudinum
2263 3889 2307 3929 c.
2337 3874 2406 3933 D.
2443 3874 2528 3931 ed.

332 3976 414 4030 pr.
448 3978 496 4017 v.
511 4001 526 4025 ‚
561 3960 966 4016 similitudinem
1000 3959 1124 4016 Vat.
1160 3987 1224 3999 -
1298 3960 1379 4013 14.
1417 3966 1603 4017 autem
1634 3977 1682 4019 c.
1717 3959 1839 4016 Vat.
1876 3958 1958 4015 ed.
1992 3974 2074 4028 pr.
2106 3976 2185 4025 v.‚
2220 3976 2321 4016 om.
2357 3960 2424 4016 D.
2458 3988 2525 4001 --

337 4051 417 4102 15.
452 4047 725 4117 praecipio
772 4062 816 4100 c.
853 4047 919 4102 D.
955 4046 1042 4105 ed.
1078 4063 1162 4115 pr.
1197 4062 1246 4102 v.
1262 4086 1275 4111 ‚
1330 4045 1597 4117 principio
1632 4048 1754 4104 Vat.
1792 4075 1861 4087 -
1934 4048 2013 4101 16.
2049 4046 2286 4103 scribere
2320 4064 2365 4102 c.
2404 4047 2526 4104 Vat·

333 4134 421 4194 ed.
455 4150 537 4203 pr.
573 4152 651 4201 ι,
699 4132 874 4191 scribe
913 4133 982 4191 D.
1021 4161 1087 4172 ——
1163 4134 1243 4187 18.
1286 4134 1366 4188 19.
1402 4133 1757 4203 'exergueritis
1791 4134 1857 4187 D.
1897 4163 1961 4174 -—
1995 4148 2351 4205 quaecunque
2382 4151 2429 4192 c.
2463 4131 2529 4193 Β.

333 4220 398 4278 D.
446 4220 506 4277 L.
555 4222 710 4287 vat„
782 4234 920 4291 quae
975 4218 1056 4275 ed.
1106 4237 1184 4292 pr.
1233 4237 1278 4276 v.
1327 4251 1394 4261 -—
1456 4219 1729 4291 pollicitus
1776 4224 1863 4277 est
1915 4220 2086 4358 vobi&
2101 4238 2151 4327 p.
2198 4220 2284 4279 ed.
2331 4238 2413 4293 pr.
2457 4242 2525 4293 ι,
