3003 5080
584 413 706 479 150
1580 411 1786 469 Pastor.

583 598 894 650 evaserunt
938 598 1114 667 atque
1156 589 1370 651 deserti
1391 636 1406 664 ‚
1480 609 1593 652 nec
1635 590 1999 671 applicantes
2043 607 2107 649 se
2150 588 2221 649 ad
2270 588 2361 649 dei
2405 606 2629 661 δεῖνος,
2671 587 2768 649 sed

580 692 829 774 separati
887 693 961 753 ab
1015 692 1096 754 eis
1156 712 1265 773 pro
1326 712 1503 774 prava
1556 693 1949 754 sollicitudine
1991 691 2169 752 vitam
2215 709 2385 751 suam
2432 689 2771 751 amiserunt.

580 796 732 856 sicut
777 794 934 856 enim
983 795 1113 856 vitis
1157 796 1349 877 aliqua
1396 796 1671 858 derelicta
1711 795 1771 855 in
1816 814 1974 876 sepe,
2020 794 2117 855 cui
2162 794 2323 854 nulla
2367 793 2598 855 cultura
2627 812 2773 853 con-

582 898 785 979 tingit,
861 898 1110 979 disperit
1176 918 1246 960 ac
1311 900 1638 961 suffocatur
1704 897 1779 959 ab
1836 898 2051 959 herbis·
2092 905 2151 959 et
2204 897 2449 977 agrestis
2508 907 2774 977 tempore

520 999 834 1063 5efficitur
895 1038 974 1047 -
1037 1001 1248 1063 desinit
1311 1003 1514 1084 utique
1572 1002 1732 1064 utilis
1777 1021 1909 1062 esse
1956 999 2198 1062 domino
2244 1020 2353 1062 suo
2394 1036 2515 1076 --‚
2588 1000 2675 1062 sic
2719 1008 2778 1061 et

581 1104 920 1165 huiusmodi
963 1104 1238 1165 homines
1282 1105 1354 1166 de
1398 1125 1462 1166 se
1504 1105 1646 1185 ipsis
1689 1103 2132 1185 despondentes
2174 1103 2502 1165 exacerbati
2530 1103 2774 1164 domino

581 1226 688 1268 suo
746 1207 984 1268 inutiles
1039 1226 1166 1268 esse
1223 1189 1567 1287 coeperunt.
1627 1208 1716 1269 his
1771 1226 1912 1287 ergo
1958 1207 2351 1268 demandatur
2393 1206 2776 1287 poenitentia,

581 1310 628 1370 si
690 1329 811 1371 non
872 1329 941 1371 ex
1001 1310 1357 1390 praecordiis
1416 1310 1642 1372 inventi
1698 1310 1921 1372 suerint
1964 1310 2315 1390 denegasse;
2389 1309 2594 1390 quodsi
2640 1310 2777 1389 quis

584 1432 654 1473 ex
700 1412 1059 1493 praecordiis
1103 1413 1380 1476 inventus
1425 1415 1607 1476 suerit
1646 1433 1916 1493 negasse,
1962 1431 2037 1474 an
2082 1413 2260 1473 vitam
2305 1412 2538 1493 assequi
2568 1414 2775 1494 possit,

484 1511 816 1595 loignoro.
875 1514 1127 1595 ideoque
1185 1518 1353 1598 dico,
1425 1528 1491 1579 ut
1549 1517 1609 1578 in
1669 1516 1759 1578 his
1823 1515 2031 1577 diebus
2088 1516 2381 1577 inficiatus
2436 1516 2643 1596 aliquis
2703 1516 2776 1578 ad

583 1618 1005 1697 poenitentiam
1035 1629 1382 1681 revertatur.
1428 1640 1550 1680 non
1580 1627 1776 1700 potest
1803 1619 1960 1681 enim
1991 1620 2138 1700 fieri,
2173 1630 2239 1681 ut
2272 1638 2434 1680 nunc
2464 1618 2775 1680 dominum

583 1741 758 1782 suum
791 1722 920 1801 quis
947 1722 1248 1804 abnegans
1273 1731 1476 1803 postea
1499 1722 1733 1801 assequi
1754 1722 1941 1803 possit
1962 1723 2233 1803 salutem,
2276 1721 2380 1783 sed
2402 1721 2513 1783 illis
2536 1732 2777 1801 reputa-

582 1833 680 1885 tur
723 1825 1021 1906 proposita
1066 1826 1449 1906 poenitentia,
1496 1827 1600 1905 qui
1642 1827 1781 1888 olim
1828 1833 2211 1906 negaverunt.
2254 1826 2583 1887 accelerare
2612 1826 2777 1887 enim

585 1927 687 2007 qui
743 1938 984 1989 acturus
1027 1939 1116 1991 est
1158 1930 1580 2011 poenitentiam
1627 1931 1832 2004 debet,
1899 1938 2216 2008 antequam
2259 1936 2574 2007 peragatur
2616 1929 2779 1990 aedi-

491 2028 564 2089 15
583 2031 776 2092 ficatio
817 2026 1256 2107 turris‘huius3
1322 2032 1417 2093 sin
1461 2032 1696 2107 mium,
1766 2052 1798 2093 a
1844 2031 2191 2093 mulieribus
2236 2031 2349 2094 illis
2391 2032 2657 2094 trahetur
2704 2032 2781 2093 ad

586 2143 864 2201 mortem.
923 2128 1024 2213 dui
1083 2154 1223 2197 vero
1269 2136 1456 2210 curti,
1533 2134 1720 2196 dolosi
1763 2146 1905 2196 sunt
1950 2143 2009 2196 et
2050 2133 2199 2195 alius
2241 2135 2304 2195 in
2347 2135 2526 2197 alium
2570 2135 2777 2197 convi-

585 2388 670 2445 ed.
706 2404 785 2457 pr.
821 2406 867 2443 v.
884 2430 898 2455 ‚
953 2388 1112 2444 deum
1147 2389 1214 2445 D.
1253 2389 1377 2446 Vat„
1431 2421 1494 2433 —
1552 2394 1797 2459 agrestes
1848 2395 2135 2444 evaserunt
2166 2390 2567 2460 (χερσωθέντες)
2602 2404 2650 2443 c.
2688 2388 2777 2445 ed.

583 2490 665 2542 pr.
700 2492 747 2528 v.
768 2516 782 2539 ,
820 2481 1107 2529 evaserunt
1133 2476 1200 2529 D.
1238 2475 1360 2531 Vat.
1409 2505 1477 2517 —
1557 2479 1603 2533 1.
1638 2490 1739 2531 neo
1772 2474 2107 2546 applicantes
2140 2490 2185 2531 c.
2223 2475 2343 2529 Vat.
2379 2473 2464 2530 ed.
2494 2488 2577 2542 pr.
2594 2514 2609 2540 ,
2664 2491 2780 2530 non

583 2560 856 2628 applicant
889 2562 987 2626 D.‚=
1005 2578 1110 2616 non
1144 2563 1478 2632 applicantes
1515 2583 1567 2621 v.
1609 2593 1668 2602 -
1710 2565 1761 2619 2.
1797 2579 1965 2632 prava
1998 2579 2041 2617 c.
2077 2562 2146 2616 D.
2180 2563 2307 2619 Vat.
2341 2561 2425 2616 ed.
2468 2577 2551 2628 pr.
2570 2559 2780 2626 Dress.‚

580 2662 747 2715 parva
766 2646 878 2703 Cot.
920 2677 986 2688 -—
1023 2648 1362 2704 solicitudine
1377 2650 1445 2704 D.
1481 2677 1547 2690 -
1584 2649 1881 2714 amiserunt
1914 2663 1959 2700 c.
1992 2648 2060 2702 D.
2098 2648 2181 2703 ed.
2216 2664 2298 2716 pr.
2334 2665 2401 2714 v„
2439 2647 2785 2702 admiserunt

589 2735 708 2788 vat.
759 2762 822 2776 -
895 2739 945 2786 4.
992 2750 1058 2788 ac
1091 2748 1136 2788 c.
1173 2735 1237 2790 D.
1277 2735 1398 2790 Vat.
1436 2735 1520 2789 ed.
1557 2751 1639 2804 pr.
1674 2733 1889 2799 Dr'ess.‚
1943 2739 2001 2788 et
2034 2734 2149 2789 Cot.
2188 2762 2251 2776 -
2322 2737 2368 2788 5.
2404 2733 2591 2802 utique
2624 2750 2671 2790 c.
2710 2735 2778 2788 D.

589 2821 737 2882 Vat.,
797 2819 939 2873 enim
975 2818 1056 2874 ed.
1093 2837 1174 2888 pr.
1211 2840 1259 2875 v.
1297 2851 1360 2860 -
1429 2823 1480 2874 6.
1520 2820 1655 2889 ipsis
1701 2835 1747 2873 c.
1786 2820 1854 2873 D.
1892 2821 1980 2874 ed.
2018 2836 2101 2888 pr.
2138 2838 2183 2874 v.
2202 2861 2217 2886 ,
2267 2821 2386 2889 ipso
2419 2819 2541 2874 Vat.
2575 2849 2645 2860 -—-
2678 2819 2781 2874 de-

583 2905 907 2973 spondentes
942 2920 990 2958 c.
1028 2906 1090 2959 B.
1129 2907 1192 2962 D.
1239 2911 1360 2961 vat.
1377 2948 1390 2970 ,
1446 2906 1797 2976 desperantes
1842 2905 1928 2962 ed.
1974 2921 2052 2975 pr.
2100 2923 2145 2961 v.
2183 2937 2251 2946 -
2322 2906 2373 2963 7.
2418 2904 2783 2960 demandatur

583 2992 834 3058 (γίνεται)
866 3007 910 3045 c.
949 2989 1072 3045 Vat.
1105 2991 1191 3047 ed.
1227 3008 1310 3059 pr.
1347 2992 1478 3057 Cot,
1515 2992 1728 3048 demum
1764 2991 1924 3046 datur
1954 2992 2021 3046 D.
2055 2993 2193 3047 Vict.
2227 2991 2361 3046 Mss.
2397 2992 2553 3060 Angl.
2588 2991 2781 3046 Dress.

582 3105 647 3115 —
687 3080 735 3130 8.
773 3075 820 3130 si
859 3092 904 3132 c.
931 3076 1057 3133 Vat.
1092 3075 1174 3131 ed.
1209 3093 1288 3145 pr.
1324 3095 1401 3140 ν..
1456 3077 1556 3132 sed
1588 3077 1654 3132 D.
1692 3108 1757 3116 —
1812 3077 2012 3132 inventi
2047 3078 2250 3133 fuerint
2283 3093 2330 3130 c.
2375 3077 2433 3134 Ο.
2468 3077 2608 3131 Vict.
2640 3077 2779 3133 Mss.

581 3163 734 3230 Angl.
771 3162 856 3216 ed.
892 3177 974 3231 pr.
1010 3179 1078 3226 v.,
1113 3161 1362 3218 inventus
1393 3162 1564 3218 fuerit
1580 3162 1719 3226 Vat.‚
1754 3163 1957 3232 reperti
1990 3163 2195 3218 fuerint
2212 3163 2274 3217 D.
2307 3193 2365 3203 -
2405 3166 2455 3217 8.
2494 3165 2543 3216 9.
2580 3163 2782 3232 quodsi

581 3247 703 3316 quis
738 3262 803 3302 ex
837 3247 1170 3315 praecordiis
1204 3248 1453 3304 inventus
1491 3248 1659 3303 fuerit
1690 3263 1920 3318 negasse
1954 3266 1998 3305 e.
2028 3249 2090 3304 D.
2121 3251 2239 3305 Vat.
2279 3250 2612 3319 (denegasse)
2632 3249 2781 3306 Vict.

577 3333 710 3387 Mss.
745 3334 902 3402 Angl.
937 3333 1024 3388 ed.
1059 3349 1138 3400 pr.
1172 3332 1523 3403 (denegasse)
1557 3334 1743 3389 Dress.
1778 3334 2139 3406 (denegasse),
2174 3353 2276 3391 om.
2315 3337 2401 3394 ed.
2434 3353 2515 3406 pr.
2551 3335 2667 3392 Cot.
2707 3367 2781 3376 -—

583 3421 660 3470 10.
710 3419 980 3474 inficiatus
1023 3420 1222 3488 aliquis
1265 3425 1367 3486 (τις
1405 3423 1775 3490 ἀρνησάμενος)
1825 3421 2062 3485 emend.‚
2118 3422 2415 3478 insaciatus
2463 3421 2662 3490 aliquis
2710 3422 2779 3478 D.

576 3503 639 3557 L.
680 3509 812 3568 vat,
849 3504 896 3558 si
933 3504 1054 3573 quis
1089 3505 1372 3574 denegavit
1401 3507 1484 3562 ed.
1523 3522 1622 3574 pr,
1657 3505 1705 3560 si
1742 3506 1863 3575 quis
1896 3507 2110 3576 negavit
2147 3525 2195 3562 v.
2238 3538 2295 3548 -
2338 3511 2420 3567 11.
2454 3525 2563 3564 non
2595 3515 2781 3578 potest

580 3590 722 3644 enim
765 3589 883 3644 fieri
917 3607 962 3646 c.
998 3591 1064 3648 D.
1107 3595 1222 3647 Vat.
1241 3629 1258 3656 ‚
1309 3609 1436 3648 nam
1466 3593 1586 3647 fieri
1632 3610 1738 3649 non
1785 3599 1962 3660 potest
2008 3595 2092 3650 ed.
2139 3612 2217 3664 pr.
2270 3613 2319 3652 v.
2376 3623 2441 3636 --
2516 3599 2594 3650 11.
2630 3611 2779 3650 nunc

578 3680 730 3744 (νῦν)
767 3691 812 3733 c.
855 3676 938 3730 ed.
976 3693 1057 3746 pr.
1091 3696 1173 3742 v.‚
1229 3694 1332 3733 om.
1373 3679 1438 3735 D.
1478 3683 1603 3739 Vat.
1658 3712 1724 3722 —
1798 3685 1881 3737 12.
1918 3681 2040 3749 quis
2080 3682 2356 3750 abnegans
2392 3697 2437 3738 c.
2473 3681 2556 3736 ed.
2588 3697 2671 3749 pr.
2704 3698 2777 3744 v.‚

579 3761 808 3816 ecclesia
855 3763 1130 3832 abnegans
1163 3763 1225 3820 Is.
1243 3806 1257 3831 ‚
1317 3767 1593 3836 abnegans
1643 3767 1709 3824 D.
1741 3768 1867 3823 Vat.
1916 3797 1977 3808 -
2035 3767 2255 3836 assequi
2300 3767 2470 3836 possit
2503 3783 2550 3821 c.
2585 3767 2650 3822 D.
2689 3767 2776 3822 ed.

577 3863 658 3912 pr.
692 3865 736 3901 v.
753 3887 766 3909 ‚
801 3847 975 3916 possit
1007 3849 1226 3918 assequi
1261 3850 1382 3906 Vat.
1419 3883 1484 3893 —
1528 3855 1609 3908 13.
1649 3859 1980 3924 negaverunt
2012 3868 2056 3906 c.
2091 3853 2162 3908 D.
2196 3853 2336 3918 vat„
2371 3853 2779 3921 abnegaverunt

581 3931 662 3986 ed.
698 3948 781 4000 pr.
817 3951 866 3988 v.
908 3963 965 3972 -
1044 3939 1123 3987 15.
1158 3935 1404 3991 trahetur
1439 3956 1484 3995 c.
1520 3938 1588 3995 D.
1626 3938 1748 3994 Vat.
1793 3940 1877 3996 ed.
1914 3955 1997 4008 pr.
2032 3957 2113 4006 v„
2169 3939 2413 3994 tradetur
2446 3938 2511 3995 L.
2546 3967 2601 3976 ——
2689 3940 2775 3992 16.

578 4018 671 4086 qui
702 4034 830 4074 vero
864 4020 1003 4074 curti
1038 4025 1142 4084 (καὶ
1177 4027 1230 4074 οἱ
1261 4025 1494 4090 κόλοβοι)
1532 4037 1578 4078 c.
1615 4024 1698 4079 ed.
1732 4040 1813 4092 pr.
1851 4045 1919 4090 v·‚
1955 4025 2013 4078 hi
2048 4039 2175 4080 vero
2210 4023 2347 4080 curti
2381 4029 2439 4079 D.
2462 4024 2521 4079 L.
2548 4030 2667 4080 vat.
2708 4056 2774 4065 —-

578 4102 746 4158 dolosi
783 4122 829 4160 c.
872 4106 997 4163 Vat.
1033 4107 1113 4161 ed.
1150 4124 1230 4176 pr.
1266 4125 1310 4161 v.
1332 4148 1345 4172 ‚
1405 4109 1643 4164 dolorosi
1677 4109 1743 4164 D.
1782 4141 1841 4150 -—
1902 4109 2045 4164 alius
2090 4109 2145 4162 in
2182 4109 2431 4166 alium=c.
2466 4110 2527 4164 D.
2568 4111 2655 4164 ed.
2691 4128 2801 4180 pr.·

573 4204 640 4251 v.,
675 4187 816 4244 alius
851 4198 907 4244 et
940 4190 1106 4246 alium
1140 4193 1262 4248 Vat.
1301 4225 1336 4234 —
1405 4194 1765 4251 conviciantes
1804 4198 2120 4261 taem-aldam)
2156 4196 2384 4263 emend.,
2418 4197 2777 4252 comiscentes
