3003 5080
1047 1114 1052 1121 Ι
1126 1187 1566 1283 Addenda.

380 1406 494 1462 Vis.
531 1408 574 1473 I,
614 1408 659 1461 1.
696 1425 751 1477 p.
789 1412 835 1475 3,
872 1411 1058 1463 9-11,
1122 1410 1356 1465 Domina
1389 1425 1537 1475 mea,
1592 1408 1721 1478 quid
1755 1408 1911 1463 heic?
1979 1407 2285 1475 Praecepta
2320 1422 2437 1461 sum

243 1508 278 1547 a
313 1492 546 1559 domino,
581 1498 646 1549 111
676 1499 908 1563 peccata
941 1501 1038 1551 tua
1073 1512 1313 1565 arguam.
1350 1496 1602 1563 Domina,
1640 1512 1785 1551 nune
1817 1499 1879 1549 tu
1914 1510 2000 1549 me
2035 1494 2252 1562 arguis?
2286 1494 2348 1548 L.
2368 1524 2439 1533 —-

244 1580 326 1633 12.
362 1579 564 1649 incipio
601 1581 781 1635 dicere
815 1582 877 1636 L.
913 1612 984 1622 —
1021 1584 1100 1635 17.
1136 1584 1278 1639 Num
1315 1598 1530 1651 semper
1562 1587 1620 1638 te
1656 1600 1723 1638 ac
1756 1583 1803 1637 si
1838 1583 1994 1636 deam
2028 1580 2090 1633 L.
2126 1610 2196 1620 —
2233 1583 2313 1634 18.
2348 1594 2438 1633 ve-

242 1666 382 1721 ritus
432 1666 516 1721 ed.
555 1666 653 1723 Ox.
705 1698 776 1707 --
843 1672 893 1735 4,
935 1672 979 1722 1.
1025 1670 1132 1724 mei
1168 1671 1603 1725 commemoraris
1644 1671 1707 1724 L.
1750 1700 1821 1709 —-
1896 1670 1945 1722 3.
1983 1670 2079 1722 aut
2112 1682 2221 1720 non
2253 1666 2317 1721 L.
2368 1696 2439 1706 --

244 1766 461 1807 saevam
495 1754 557 1807 L.
604 1782 674 1793 -
711 1758 758 1808 4.
805 1754 952 1809 illius
984 1755 1047 1809 L.
1085 1754 1170 1810 ed.
1208 1756 1378 1811 Oxon.
1414 1788 1484 1797 —
1519 1762 1567 1811 4.
1610 1762 1656 1809 5.
1694 1760 1783 1811 est
1814 1756 1866 1811 ei
1903 1753 2150 1823 equidem
2184 1768 2439 1821 magnum

242 1838 305 1893 L.
340 1869 411 1877 —
445 1841 492 1891 8.
531 1839 636 1895 sibi
665 1841 726 1894 L.
767 1870 838 1880 —
877 1845 957 1896 11.
993 1845 1074 1896 11.
1111 1840 1213 1896 deo
1248 1843 1310 1897 L.
1343 1872 1414 1882 —
1484 1858 1529 1897 e.
1568 1847 1615 1896 2.
1652 1860 1707 1913 p.
1746 1846 1793 1909 5,
1831 1850 1859 1898 1
1896 1843 2187 1911 pessimis?
2223 1840 2441 1910 quantis

242 1925 306 1977 L.
340 1955 411 1964 —-
445 1929 494 1979 4.
532 1925 767 1981 candida
802 1926 864 1981 L.
901 1957 968 1968 —-
1009 1932 1056 1982 5.
1095 1929 1385 1996 singularis
1418 1930 1480 1983 L.
1521 1960 1592 1969 -
1631 1931 1709 1982 11.
1744 1929 1843 1983 illa
1882 1928 1944 1983 G.
1979 1960 2050 1969 —-
2090 1932 2166 1983 14.
2207 1932 2286 1981 15.
2321 1928 2438 1997 pol-

242 2010 453 2065 lutione
488 2012 551 2066 L.
586 2042 657 2052 —
693 2030 737 2068 6.
775 2016 824 2067 3.
860 2031 914 2083 p.
953 2018 1002 2081 6,
1039 2018 1078 2067 1.
1116 2016 1411 2069 conviolari
1446 2032 1606 2071 saeve
1645 2017 1707 2070 L.
1750 2045 1821 2055 -
1856 2018 1904 2067 2.
1924 2017 1973 2068 3.
2012 2015 2228 2070 sanavit
2260 2014 2442 2069 omnia

245 2113 384 2165 quae
423 2102 551 2153 ante
587 2104 744 2167 gesta
780 2105 907 2155 sunt
940 2102 999 2155 in
1043 2102 1199 2156 domo
1235 2106 1332 2157 tua
1364 2104 1510 2157 mala
1544 2102 1606 2155 L.
1641 2132 1712 2142 --
1748 2104 1796 2155 5.
1834 2100 2164 2156 confortavit
2198 2100 2253 2154 C.
2289 2100 2440 2153 L.—

244 2186 295 2237 8.
331 2184 476 2239 iuste
492 2187 572 2252 L„
610 2187 873 2256 optimum
893 2187 949 2242 G.
981 2217 1052 2227 —
1092 2190 1171 2241 13.
1209 2189 1412 2256 glorias
1447 2189 1509 2242 L.
1551 2218 1622 2229 —
1658 2193 1738 2243 15.
1775 2202 1909 2257 quas
1942 2203 2051 2242 non
2088 2190 2273 2256 potest
2288 2186 2349 2239 L.
2372 2216 2439 2225 —

241 2288 299 2339 p.
339 2272 386 2337 7,
424 2276 472 2326 2.
511 2274 559 2325 3.
605 2272 961 2329 circumdedit
1001 2304 1072 2315 --
1106 2273 1403 2330 fortissimo
1439 2291 1541 2329 om.
1578 2276 1641 2329 L.
1696 2305 1766 2315 -—
1836 2291 1880 2329 6.
1918 2278 1950 2328 4
1985 2290 2038 2343 p.
2077 2274 2125 2326 7.
2166 2275 2245 2326 15.
2280 2272 2441 2329 iustis

244 2358 309 2411 L.
338 2388 409 2397 -
447 2360 526 2412 17.
563 2359 622 2413 111
657 2360 939 2415 humerum
973 2361 1034 2414 L.
1071 2390 1142 2401 —-

382 2444 497 2499 Vis.
535 2447 603 2513 11,
645 2453 691 2501 1.
727 2464 782 2515 p.
819 2450 868 2515 8,
903 2452 952 2501 4.
994 2447 1183 2502 eduxit
1214 2448 1366 2501 L.-
1399 2450 1448 2501 8.
1485 2447 1669 2501 audivi
1694 2446 1847 2500 L.—
1881 2446 1961 2500 13.
1996 2449 2062 2501 ut
2094 2461 2218 2501 eum
2258 2448 2441 2503 autem

241 2530 308 2585 L.
343 2561 414 2572 —
457 2534 538 2586 1⁴.
579 2531 776 2589 sedens
810 2534 871 2588 L.
905 2564 976 2574 -—-
1011 2551 1056 2588 6.
1095 2537 1142 2588 2.
1179 2552 1232 2604 p.
1255 2535 1302 2602 9,
1328 2542 1375 2590 1.
1413 2533 1712 2604 prodentes
1746 2533 1803 2588 O.
1836 2563 1907 2574 —
1942 2534 1989 2587 5.
2025 2536 2083 2587 et
2115 2532 2240 2601 ipsa
2273 2531 2441 2586 etiam

247 2623 562 2688 compescat
593 2620 655 2674 L.
691 2651 760 2660 --
795 2623 844 2673 8.
883 2621 973 2689 qui
1004 2620 1328 2692 iampridem
1362 2621 1423 2675 L.
1459 2650 1532 2661 -
1580 2637 1634 2689 p.
1675 2622 1755 2686 10,
1794 2622 1840 2672 5.
1880 2621 1926 2672 6.
1964 2620 2056 2687 qui
2092 2618 2445 2686 denegaverit

244 2703 418 2760 filium
455 2709 513 2760 et
545 2722 620 2773 se,
657 2707 1002 2776 despondens
1035 2708 1204 2762 vitam
1237 2707 1401 2774 illius,
1437 2710 1495 2762 et
1528 2707 1648 2776 ipse
1685 2706 2049 2774 denegaturus
2090 2710 2178 2760 est
2209 2706 2362 2760 illum
2378 2706 2441 2759 B.

243 2791 308 2844 L.
348 2790 432 2846 ed.
471 2791 641 2848 Oxon.
679 2808 786 2848 see.
829 2794 970 2848 Gall.
1005 2825 1075 2834 —
1135 2811 1179 2850 c.
1221 2797 1270 2848 3.
1307 2811 1360 2862 p.
1402 2795 1482 2859 16,
1520 2795 1568 2846 8.
1612 2793 1923 2848 meminisse
1958 2793 2223 2848 malorum
2260 2791 2317 2845 C.
2356 2790 2441 2845 ed.

247 2877 349 2931 Ox.
403 2907 474 2917 —
546 2881 625 2931 11.
662 2879 906 2935 malitiae
949 2882 1012 2934 L.
1053 2881 1138 2936 ed.
1183 2882 1282 2937 Ox.
1336 2912 1404 2920 —
1478 2883 1561 2934 11.
1601 2882 1680 2933 12.
1717 2878 1982 2933 malorum
2016 2879 2078 2932 L.
2116 2877 2201 2932 ed.
2239 2878 2338 2933 Ox.
2374 2908 2444 2918 -

245 2981 301 3032 p.
343 2965 423 3031 11,
462 2968 508 3017 1.
546 2966 716 3020 nimia
750 2966 812 3020 L.
850 2966 935 3021 ed.
974 2967 1073 3022 Ox.
1109 2997 1180 3008 —
1223 2971 1271 3022 6.
1307 2969 1669 3023 absumuntur
1700 2967 1759 3019 in
1794 2968 2077 3019 aeternum
2113 2963 2197 3018 ed.
2239 2963 2337 3018 Ox.
2374 2992 2443 3003 -—

247 3053 298 3102 8.
335 3052 383 3103 9.
420 3050 478 3105 111
512 3052 692 3108 Holda
726 3056 784 3107 et
815 3053 982 3108 Meda
1016 3054 1076 3107 L.
1111 3085 1182 3094 -
1216 3072 1259 3110 6.
1297 3059 1347 3108 4.
1383 3071 1436 3122 p.
1471 3057 1549 3120 11,
1590 3055 1668 3107 18.
1702 3053 1945 3107 libellum
1982 3066 2137 3105 suum
2172 3049 2444 3105 dedissem

247 3136 312 3189 L.
347 3154 523 3276 -ΒΡ,
562 3141 644 3204 12,
681 3141 728 3192 3.
767 3140 944 3195 scient
975 3142 1139 3196 electi
1179 3141 1242 3196 Gr.
1276 3142 1338 3195 L.
1375 3171 1446 3182 —-
1516 3146 1563 3195 4.
1603 3139 1917 3208 Grappatae
1949 3138 2013 3192 L.
2048 3167 2119 3176 -
2187 3139 2236 3190 5.
2272 3135 2443 3205 Grap-

247 3225 383 3290 pate
468 3265 478 3275 .
510 3254 581 3262 —

389 3309 503 3364 Vis.
541 3311 636 3377 III,
676 3314 720 3364 1.
757 3327 810 3380 p.
851 3314 931 3378 12,
972 3313 1050 3365 14.
1096 3313 1190 3366 ubi
1233 3312 1316 3366 vis
1359 3314 1522 3380 (ὅπου
1568 3314 1861 3383 χρονίζεις).
1899 3312 2025 3366 fort.
2060 3311 2164 3378 leg.
2202 3308 2297 3362 ubi
2331 3323 2444 3362 ma-

248 3409 366 3448 nes.
404 3411 531 3450 nam
566 3397 647 3451 ita
683 3396 1034 3466 corrigendus
1068 3403 1157 3453 est
1187 3398 1330 3452 Pal.:
1373 3398 1469 3452 ubi
1504 3399 1698 3464 mavis,
1736 3397 1881 3452 unde
1915 3397 2079 3453 lectio
2116 3395 2264 3463 „vis“
2306 3393 2447 3449 deri-

248 3480 368 3535 vari
403 3485 602 3550 potest.
637 3512 708 3522 —
749 3485 828 3537 17.
867 3484 920 3538 61
953 3484 1103 3552 loqui
1135 3485 1197 3540 L.
1233 3514 1304 3523 —
1335 3501 1388 3553 p.
1431 3486 1512 3550 13,
1552 3489 1597 3538 1.
1640 3483 1925 3538 aestimavi
1941 3484 2003 3537 L.
2030 3513 2101 3523 —
2133 3485 2183 3536 3.
2218 3482 2447 3536 linteum

248 3567 316 3621 L.
354 3565 437 3621 ed.
475 3568 574 3622 Ox.
617 3599 688 3611 —-
757 3572 805 3624 5.
842 3571 1013 3625 erecti
1047 3573 1176 3625 sunt
1208 3568 1292 3624 ed.
1330 3570 1429 3625 Ox.
1463 3599 1535 3611 ·-
1580 3573 1628 3623 6.
1664 3569 2007 3639 horripilatio
2046 3571 2109 3624 B.
2144 3599 2214 3609 —
2248 3572 2297 3621 7.
2330 3568 2445 3635 glo-

249 3653 371 3706 riae
404 3653 467 3705 L.
502 3684 573 3692 —
620 3658 700 3709 14.
738 3655 926 3710 eduxit
960 3657 1020 3710 L.
1056 3688 1127 3696 —
1200 3660 1279 3712 15.
1315 3656 1450 3711 facti
1483 3672 1668 3710 sumus
1701 3656 1763 3710 L.
1800 3656 1885 3711 ed.
1923 3656 2021 3711 Ox.
2055 3686 2126 3696 —
2180 3656 2260 3708 19.
2297 3668 2448 3708 reco-

250 3739 464 3806 gitante
505 3739 568 3793 L.
613 3771 683 3782 —-
753 3758 797 3796 c.
835 3749 885 3800 2.
928 3760 981 3812 p.
1020 3747 1102 3810 14,
1139 3745 1187 3796 9.
1241 3742 1474 3798 nominis
1518 3742 1721 3796 domini
1763 3744 1859 3810 Β.,
1913 3741 2149 3797 nominis
2190 3742 2333 3796 vict.
2378 3770 2449 3780 -
2534 3803 2537 3808 ,

255 3827 338 3878 10.
378 3825 681 3895 quicunque
716 3824 914 3898 passus
949 3829 1117 3884 fuerit
1133 3830 1194 3884 L.
1215 3859 1286 3868 —-
1323 3830 1402 3882 11.
1438 3829 1531 3883 dei
1567 3829 1844 3883 om.L.--
1879 3829 2069 3886 11.12.
2106 3829 2351 3896 utrisque
2382 3843 2450 3882 ex

252 3910 337 3965 eis
371 3911 463 3979 qui
508 3911 580 3966 ad
619 3913 897 3969 dexteram
935 3914 1148 3981 sedent,
1185 3915 1256 3969 ad
1292 3915 1572 3970 sinistram
1608 3915 1801 3970 sedent
1833 3916 1895 3969 L.
1935 3946 2005 3956 --
2037 3933 2091 3984 p.
2115 3916 2195 3981 15,
2234 3915 2281 3967 6.
2320 3928 2451 3982 qua-

253 3997 432 4052 dratis
465 3998 528 4052 L.
573 4028 643 4040 —
716 4004 794 4054 14.
839 4005 1102 4069 parerent
1149 4001 1233 4055 ed.
1279 4001 1378 4056 Ox.
1421 4031 1490 4040 -
1539 4006 1597 4057 et
1640 4002 1719 4056 sic
1753 4002 1989 4070 parebat
2020 4002 2082 4055 L.
2120 3999 2205 4055 ed.
2247 4000 2346 4054 Ox.
2381 4029 2452 4039 —

256 4087 340 4138 17.
374 4085 659 4153 ponebant
689 4087 752 4141 L.
788 4117 858 4128 ·-
891 4104 944 4156 p.
984 4091 1064 4154 16,
1101 4091 1150 4140 1.
1188 4091 1348 4142 erant
1378 4090 1443 4143 B.
1478 4089 1541 4142 L.
1576 4117 1647 4127 —
1690 4093 1738 4142 4.
1775 4090 1824 4140 5.
1858 4088 2140 4142 venientes
2172 4087 2231 4140 in
2264 4086 2355 4140 via
2387 4087 2450 4140 L.

250 4199 324 4213 -υ
359 4185 408 4224 6.
447 4172 497 4224 3.
532 4187 588 4239 Ρ.
629 4174 709 4238 16,
746 4176 798 4227 9.
835 4187 1117 4227 recurrere
1151 4175 1214 4228 L.
1247 4204 1320 4217 -—-
1357 4179 1438 4230 16.
1474 4177 1535 4229 61
1568 4172 1665 4229 isti
1703 4173 1764 4226 L.
1799 4202 1871 4215 -·-
1902 4190 1948 4228 6.
1988 4177 2036 4228 3.
2074 4189 2129 4241 Ρ.
2169 4173 2251 4241 17,
2287 4172 2336 4226 7.
2373 4170 2455 4226 ait
