3003 5080
618 403 706 466 42
1617 406 1824 460 Pastor.

831 575 936 638 ⁸et
981 574 1096 638 dixi
1140 577 1248 639 illi:
1297 578 1527 656 „Etiam
1576 565 1773 662 nunc,
1821 580 2096 662 domine,
2144 579 2337 641 audivi
2379 598 2413 640 a
2458 577 2806 658 quibusdam

615 679 994 754 doctoribuS‚
1060 683 1222 760 quod
1280 683 1393 744 alia
1449 684 1812 764 poenitentia
1869 704 1992 745 non
2054 693 2143 745 est
2199 682 2311 743 nisi
2369 682 2500 754 illa,
2572 701 2708 743 cum
2748 683 2806 742 in

610 802 826 862 aquam
871 783 1286 848 descendimus
1331 795 1389 849 et
1430 788 1752 868 accipimus
1796 788 2209 850 remissionem
2250 795 2651 867 peccatorum,
2695 786 2805 847 iam

613 906 737 947 non
781 905 1061 969 peccare,
1107 889 1210 950 sed
1255 889 1314 950 in
1361 892 1624 953 castitate
1668 895 2081 971 permanere“.
2126 899 2183 952 et
2226 891 2305 952 ait
2348 889 2522 952 mihi:
2592 891 2806 966 „Recte

551 986 841 1051 5audisti.
889 1009 1054 1052 nunc
1097 1001 1330 1074 autem,
1377 995 1511 1074 quia
1559 995 1871 1074 diligenter
1913 996 2108 1056 omnia
2157 994 2407 1075 quaem,
2451 1002 2510 1054 et
2546 993 2663 1054 hoc
2706 993 2804 1053 tibi

612 1094 993 1171 demonstro,
1038 1113 1162 1155 non
1211 1095 1358 1157 dans
1406 1099 1777 1161 occasionem
1820 1098 1933 1160 illis
1961 1145 1977 1174 ‚
2020 1099 2124 1177 qui
2168 1095 2448 1159 credituri
2492 1104 2665 1177 sunt,
2712 1103 2807 1157 aut

608 1199 712 1276 qui
777 1198 958 1260 modo
1023 1198 1404 1262 crediderunt
1459 1202 1726 1263 domino.
1790 1203 1890 1281 qui
1947 1203 2105 1263 enim
2166 1202 2345 1263 modo
2408 1200 2803 1279 crediderunt,

608 1310 711 1364 aut
771 1302 875 1382 qui
933 1301 1213 1364 credituri
1259 1313 1429 1380 sunt,
1493 1306 1925 1385 poenitentiam
1968 1314 2348 1386 peccatorum
2397 1323 2521 1365 non
2565 1302 2803 1381 habent,

606 1406 710 1468 sed
756 1405 1182 1469 remissionem.
1227 1407 1340 1469 illis
1386 1409 1546 1470 enim
1568 1457 1584 1485 ‚
1630 1410 1730 1488 qui
1774 1410 1964 1480 vocati
2001 1418 2143 1471 sunt
2183 1418 2319 1471 ante
2363 1408 2474 1469 hos
2514 1407 2657 1483 dies,
2699 1426 2802 1487 po-

505 1506 588 1570 10
607 1509 724 1570 suit
766 1509 1045 1570 dominus
1089 1512 1537 1594 poenitentiam,
1584 1514 1866 1593 quoniam
1914 1514 2185 1574 omnium
2218 1511 2600 1593 cogitationes
2634 1530 2801 1591 prae-

606 1612 947 1674 cordiorum
978 1614 1144 1676 novit
1170 1615 1316 1677 deus
1341 1625 1400 1678 et
1427 1616 1541 1678 scit
1570 1616 1973 1678 infirmitatem
2001 1616 2314 1678 hominum
2338 1625 2398 1676 et
2422 1615 2802 1695 multiplicem

604 1715 926 1796 nequitiam
971 1716 1207 1799 diaboli,
1255 1719 1391 1799 quia
1434 1719 1571 1782 facit
1614 1720 1835 1801 aliquid
1868 1721 2091 1782 sinistri
2120 1720 2303 1782 servis
2338 1720 2431 1781 dei
2464 1729 2522 1781 et
2547 1719 2800 1798 maligne

601 1821 912 1884 insidiatur
943 1822 1074 1883 illis.
1106 1819 1444 1886 misericors
1474 1844 1617 1904 ergo
1650 1825 1929 1886 dominus
1956 1825 2233 1886 misertus
2264 1831 2353 1885 est
2380 1824 2663 1902 figmento
2696 1842 2798 1883 suo

601 1934 662 1986 et
689 1925 890 2005 posuit
913 1926 1338 2006 poenitentiam
1367 1928 1542 1992 istam
1574 1937 1633 1990 et
1653 1937 2007 2010 potestatem
2034 1927 2436 2009 poenitentiae
2456 1925 2633 1987 huius
2660 1923 2800 1986 mihi

502 2029 582 2093 15
599 2029 778 2090 dedit.
824 2038 884 2090 et
924 2029 1058 2090 ideo
1105 2030 1236 2091 dico
1281 2029 1406 2106 tibi,
1453 2033 1737 2110 quoniam
1769 2041 1908 2114 post
1932 2033 2303 2094 vocationem
2332 2030 2489 2090 illam
2524 2047 2798 2108 magnam

599 2139 984 2211 sanctamque
1026 2133 1076 2194 si
1119 2133 1252 2212 quis
1294 2142 1557 2196 tentatus
1600 2137 1779 2198 fuerit
1808 2155 1842 2196 a
1874 2135 2107 2198 diabolo
2139 2144 2195 2197 et
2224 2134 2572 2215 peccaverit,
2615 2149 2795 2192 unam

597 2235 1024 2316 poenitentiam
1079 2235 1274 2298 habet.
1331 2237 1379 2298 si
1436 2246 1639 2302 autem
1698 2240 1951 2302 subinde
2008 2247 2215 2320 peccat
2270 2246 2331 2300 ct
2374 2236 2796 2318 poenitentiam

599 2340 752 2419 agit,
797 2358 923 2400 non
966 2339 1235 2419 proderit
1276 2340 1506 2402 homini
1551 2342 1687 2405 talia
1734 2344 1946 2424 agenti.
1995 2343 2231 2404 difficile
2258 2342 2416 2403 enim
2446 2341 2599 2402 vivet
2622 2341 2794 2402 deo“.

600 2452 661 2505 et
701 2461 811 2523 ego
859 2443 1009 2505 dixi:
1084 2441 1410 2520 „Domine‚
1467 2431 1688 2529 revixi,
1746 2448 1850 2510 ubi
1898 2455 2017 2508 tam
2064 2446 2373 2526 diligenter
2416 2445 2610 2507 audivi
2651 2445 2796 2506 haec

735 2650 783 2707 1.
820 2647 1140 2717 quibusdam
1159 2666 1208 2705 c.
1221 2649 1344 2707 Vat.
1364 2650 1448 2708 ed.
1466 2667 1547 2722 pr.
1567 2669 1638 2719 v.‚
1674 2651 1871 2721 quibus
1890 2651 1957 2709 D.
1976 2678 2045 2697 -··
2086 2656 2135 2710 3.
2154 2666 2352 2721 aquam
2368 2666 2414 2705 c.
2434 2651 2500 2707 D.
2521 2649 2607 2709 ed.
2626 2664 2707 2719 pr.
2728 2666 2791 2713 v„

593 2750 754 2805 quam
770 2734 893 2791 Vat.
927 2765 997 2776 —
1028 2734 1139 2791 iam
1173 2752 1223 2794 c.
1238 2735 1305 2791 D.
1321 2736 1464 2805 Vat„
1504 2738 1735 2795 ulterius
1768 2738 1853 2795 ed.
1876 2755 1956 2809 pr.
1975 2757 2023 2797 v.
2044 2770 2115 2783 ·-
2148 2742 2201 2797 5.
2237 2736 2492 2808 quiacD.
2515 2736 2602 2793 ed.
2620 2752 2703 2805 pr.
2728 2754 2791 2799 v„

591 2822 684 2891 qui
700 2820 824 2877 Vat-
847 2848 915 2861 --
949 2820 1234 2892 diligenter
1270 2825 1450 2880 omnia
1486 2825 1705 2894 quaeris
1738 2839 1783 2879 c.
1804 2825 1926 2881 Vat.
1964 2826 2049 2881 cd.
2082 2841 2165 2895 pr.
2185 2843 2252 2892 v.‚
2294 2824 2579 2893 diligenter
2613 2822 2791 2879 omnia

588 2906 818 2976 inquiris
850 2905 911 2963 L.
947 2906 1150 2973 Dress„
1183 2909 1364 2966 omnia
1399 2910 1687 2980 diligenter
1721 2912 1941 2981 quaeris
1958 2913 2024 2968 D.
2042 2942 2113 2953 --
2183 2914 2339 2969 6-8.
2374 2916 2471 2967 aut
2504 2909 2597 2980 qui
2635 2909 2789 2967 modo

585 2994 732 3051 cred.
771 3022 833 3035 —·-
870 2998 968 3049 aut
1002 2993 1095 3062 qui
1127 2994 1385 3051 credituri
1406 3003 1533 3053 sunt
1552 3012 1598 3052 c.
1613 2998 1679 3051 D.
1698 2997 1783 3055 ed.
1800 3014 1881 3068 pr.
1898 3018 1965 3067 v.,
1998 3015 2103 3056 om.
2123 2999 2244 3056 Vct.
2280 3002 2523 3069 (propter
2540 2998 2787 3055 homoeo-

585 3081 871 3150 telenum).
907 3110 974 3121 -
1047 3082 1096 3135 7.
1130 3082 1287 3138 modo
1321 3084 1475 3152 (ιῦν)
1512 3101 1557 3141 c.
1591 3084 1688 3150 L..
1723 3090 1800 3143 116
1838 3086 1964 3155 (pro
1999 3093 2088 3143 mo
2128 3106 2190 3133 -τ
2226 3086 2413 3153 modo)
2443 3084 2527 3151 D..
2563 3100 2673 3143 om.
2708 3082 2785 3139 ed

585 3183 669 3237 pr.
701 3184 781 3232 v..
815 3182 989 3237 nuper
1020 3168 1206 3225 Dress,
1245 3198 1308 3211 —·-
1364 3170 1524 3227 modo
1558 3172 1711 3239 (νῦν)
1747 3188 1800 3230 c.
1832 3173 1898 3228 D.
1918 3214 1934 3240 ,
1988 3171 2099 3229 iam
2134 3172 2220 3230 ed.
2255 3188 2335 3241 pr.
2373 3190 2421 3227 v.
2456 3202 2523 3211 -—
2597 3172 2650 3231 9.
2681 3169 2785 3229 illis

585 3269 632 3311 c.
667 3253 736 3311 D.
773 3251 856 3309 ed.
890 3269 969 3321 pr.
1004 3272 1083 3320 ι,
1139 3254 1262 3312 illos
1310 3257 1462 3322 Vct„
1520 3257 1720 3313 talibus
1766 3258 1830 3315 Β.
1874 3290 1944 3299 -
2031 3262 2111 3315 1⁰.
2164 3261 2245 3315 11.
2302 3258 2542 3316 omnium
2588 3259 2784 3329 cogita-

584 3341 762 3397 tiones
806 3340 1246 3408 praecordiorum
1291 3357 1339 3399 c.
1389 3340 1453 3396 D.
1486 3343 1607 3399 Vat.
1622 3384 1637 3409 ,
1692 3344 2045 3414 cogitationes
2092 3346 2532 3416 praecordiorum
2576 3345 2663 3401 ed.
2709 3359 2785 3414 pr.

583 3428 718 3497 Cot,
753 3425 1110 3496 cogitationes
1143 3428 1382 3485 omnium
1415 3431 1853 3500 praecordiorum
1884 3432 2073 3489 Dress.
2116 3463 2181 3475 -
2257 3435 2340 3487 11.
2380 3431 2484 3489 scit
2516 3446 2563 3487 c.
2597 3432 2669 3489 D.
2704 3429 2781 3487 ed.

581 3529 665 3583 pr.
699 3531 776 3577 v.‚
815 3511 896 3567 sic
928 3511 1054 3569 Vat.
1087 3542 1156 3555 --
1228 3519 1312 3573 12.
1348 3516 1478 3586 quia
1514 3518 1645 3574 facit
1679 3520 1793 3588 (ὅτι
1826 3520 2060 3588 ποιήσει)
2095 3537 2143 3577 c.
2177 3519 2243 3575 D.
2282 3520 2404 3575 Vat.
2439 3517 2592 3587 (facit
2624 3518 2781 3573 etiam

582 3600 643 3654 B.
675 3599 791 3668 L.)‚
847 3614 956 3668 qua
997 3599 1218 3655 molitur
1266 3602 1350 3658 ed.
1397 3619 1475 3673 pr.
1526 3623 1575 3663 v.
1625 3636 1696 3647 —
1778 3608 1861 3663 12.
1922 3605 2128 3663 sinistri
2188 3605 2359 3663 servis
2406 3604 2495 3661 dei
2546 3609 2605 3661 et
2654 3605 2777 3673 (xa-

582 3686 676 3738 κᾶν
730 3695 834 3746 ’τοῖς
884 3686 1083 3747 δούλοις
1131 3695 1226 3741 τοῦ
1276 3693 1412 3744 θεοῦ
1449 3694 1565 3757 καὶ)
1598 3708 1642 3748 c.
1680 3692 1762 3748 od.
1791 3708 1877 3761 pr.
1908 3711 1975 3760 V„
2013 3709 2115 3749 om.
2149 3693 2219 3749 D.
2266 3694 2388 3749 Vat-
2423 3721 2490 3732 --
2564 3693 2651 3747 13.
2686 3689 2778 3745 mi·

584 3774 762 3825 sertus
799 3776 884 3826 est
919 3772 1363 3845 (ἐσπλαγχνίσθη)
1403 3792 1450 3833 c.
1489 3778 1571 3833 ed.
1590 3794 1675 3848 pr.
1693 3797 1765 3844 v„
1801 3780 2056 3837 misertus
2074 3780 2141 3835 D.
2161 3779 2289 3837 Vat.
2311 3808 2378 3823 --
2417 3780 2497 3833 13.
2530 3778 2777 3848 figmento

583 3871 684 3911 suo
719 3872 767 3911 c.
809 3857 868 3912 Β.
903 3857 971 3916 D.
1006 3858 1067 3913 L.
1103 3861 1256 3926 Vct,
1292 3860 1531 3931 figmenti
1567 3864 1654 3919 sui
1688 3866 1771 3920 ed.
1809 3883 1891 3936 pr.
1927 3886 1978 3925 v.
2012 3897 2083 3909 ·-
2141 3866 2305 3921 huius
2339 3882 2383 3922 c.
2421 3866 2543 3923 Vct.
2576 3866 2665 3922 ed·
2700 3879 2775 3935 pr.

579 3965 656 4013 v.‚
691 3945 1001 4002 huiusmodi
1039 3945 1106 4002 D.
1141 3976 1207 3986 -
1279 3950 1363 4005 1⁵.
1399 3950 1653 4018 quoniam
1689 3969 1734 4010 c.
1774 3953 1842 4009 D.
1878 3954 1999 4011 Vat.
2040 3952 2128 4011 ed.
2163 3969 2263 4023 pr..
2299 3954 2443 4023 quod
2476 3970 2530 4009 v.
2568 3983 2637 3994 -
2670 3967 2775 4006 ma-

582 4048 742 4103 gnam
778 4048 824 4087 c.
857 4032 923 4088 D.
959 4032 1043 4089 ed.
1079 4048 1158 4102 pr.
1195 4051 1276 4101 ι,
1327 4049 1579 4105 magnum
1616 4039 1738 4095 Vct.
1775 4068 1842 4081 --
1915 4042 1993 4095 16.
2032 4046 2382 4110 sanctamque
2416 4055 2466 4097 c.
2500 4040 2599 4103 D..
2654 4054 2771 4095 san-

581 4123 725 4177 ctam
762 4117 883 4174 Vat.
897 4158 912 4184 ‚
979 4123 1035 4172 et
1089 4125 1332 4177 sanctam
1367 4122 1452 4178 ed.
1489 4140 1571 4194 pr.
1603 4142 1651 4181 v.
1687 4155 1756 4167 -
1827 4128 1909 4182 17.
1959 4133 2151 4197 peccat
2183 4144 2229 4184 c.
2266 4128 2334 4185 D.
2371 4127 2493 4185 Vat
2544 4126 2635 4185 ed.
2681 4140 2768 4196 pr..

579 4208 769 4277 peccet
801 4222 851 4262 v.
884 4234 953 4246 -
1028 4206 1113 4264 19.
1147 4205 1242 4264 uhi
1271 4221 1323 4264 c.
1357 4208 1429 4267 D.
1462 4208 1548 4267 ed.
1585 4225 1666 4281 pr.
1706 4229 1785 4279 v..
1821 4218 1882 4271 ut
1918 4213 2038 4271 Vct.
2077 4240 2140 4251 —
