3003 5080
973 406 1156 465 Manu.
1191 408 1258 475 V,
1295 413 1346 468 1.
1381 414 1435 469 2.
2214 419 2300 484 45

124 606 236 649 non
295 591 384 647 est
428 581 587 646 utilis
631 583 820 645 oratio
866 583 1023 646 illius
1070 586 1246 652 deo“.
1313 594 1372 648 et
1414 588 1530 649 dixi
1576 589 1694 650 illi:
1767 589 2087 670 „Volebam
2132 594 2302 669 scire,

127 691 387 765 domine,
459 687 776 768 nequitiam
835 688 1210 766 iracundiae,
1275 700 1344 752 ut
1391 672 1738 754 custodiam‘
1780 713 1877 756 me
1921 697 1994 756 ab
2039 695 2199 757 illa“.
2245 704 2305 758 et

52 805 64 820 ⁸
125 795 256 857 dixit
309 793 489 856 mihi:
567 792 806 870 ‚,ScieS,
879 800 938 854 et
993 792 1042 853 si
1099 812 1222 854 non
1284 795 1633 857 custodieris
1676 805 1736 857 te
1780 797 1853 858 ab
1895 797 2025 873 illa,
2093 800 2305 878 perdes

120 917 276 980 spem
319 905 483 960 tuam
529 915 667 958 cum
713 898 893 958 domo
938 904 1060 960 tua.
1104 898 1207 959 sed
1253 899 1462 961 recede
1507 899 1579 961 ab
1616 900 1733 964 iila.
1778 921 1889 981 ego
1916 901 2075 962 enim
2107 909 2307 964 tecum

123 1022 248 1065 sum
283 1001 546 1064 nuncius
588 1001 924 1083 aequitatiS‚
969 1008 1029 1062 et
1072 1020 1282 1064 omnes
1324 1003 1667 1084 quicunque
1708 1005 2013 1079 recedunt,
2056 1006 2309 1085 quicun-
2366 1003 2407 1065 5

124 1127 230 1187 que
285 1104 715 1187 poenitentiam
765 1103 994 1184 egerint
1035 1124 1106 1166 ex
1149 1106 1291 1167 totis
1333 1108 1689 1188 praecordiis
1732 1109 1871 1174 suis,
1916 1109 2019 1170 sed
2065 1117 2124 1171 et
2169 1128 2307 1171 cum

124 1211 227 1272 illis
268 1229 374 1272 ero
420 1217 478 1271 et
518 1208 884 1270 conservabo
929 1227 1156 1274 omneS.
1204 1210 1500 1273 iustificati
1545 1212 1701 1273 enim
1746 1220 1890 1274 sunt
1930 1231 2161 1290 omneS‚
2206 1213 2310 1294 qui

122 1313 540 1395 poenitentiam
585 1313 849 1394 egerint,
892 1331 924 1373 a
966 1313 1337 1376 sanctissimo
1386 1315 1673 1377 nuncio“.

329 1415 366 1456 ²
395 1417 587 1496 „Audi
660 1419 896 1496 nunc“,
965 1415 1192 1496 inquit,
1263 1419 1623 1499 „nequitiam
1686 1419 2061 1495 iracundiae,
2130 1437 2309 1499 quam

127 1521 370 1602 pessima
426 1529 547 1597 est,
621 1528 680 1582 et
741 1519 1042 1604 quomodo
1102 1539 1304 1582 servos
1359 1522 1452 1583 dei
1511 1523 1735 1586 evertit.
1793 1523 1893 1604 qui
1949 1523 2107 1585 enim
2149 1523 2410 1604 pleni10

129 1635 258 1687 sunt
318 1625 384 1687 in
440 1625 590 1701 fide,
662 1643 774 1685 nec
831 1631 1026 1704 potest
1083 1622 1302 1704 aliquid
1343 1626 1535 1687 facere
1578 1626 1728 1702 illis,
1800 1627 2083 1706 quoniam
2127 1627 2313 1690 virtus

131 1729 213 1790 dei
273 1737 362 1791 est
420 1746 558 1811 cum
601 1727 735 1788 illis.
784 1727 991 1789 evertit
1035 1727 1192 1789 enim
1239 1748 1455 1790 vacuos
1503 1737 1563 1791 et
1605 1729 1834 1792 dubioS.
1880 1731 2110 1810 quoties
2153 1731 2312 1792 enim

131 1830 327 1895 viderit
374 1833 521 1895 tales
561 1831 856 1907 homineS‚
897 1830 1062 1893 inicit
1102 1851 1164 1893 se
1208 1832 1268 1893 in
1314 1833 1493 1895 corda
1537 1833 1871 1910 hominum,
1914 1841 1973 1894 et
2018 1834 2090 1895 de
2128 1835 2311 1896 nihilo

135 1946 224 1998 aut
280 1936 400 1998 vir.
428 1943 532 1998 aut
588 1935 802 1997 mulier
858 1934 1310 1997 amaritudinem
1370 1935 1619 2016 percipit
1672 1944 1919 2017 propter
1961 1957 2088 2020 reS,
2162 1956 2313 2017 quae

135 2048 262 2102 sunt
316 2039 380 2101 in
436 2059 583 2115 usu„
653 2048 755 2101 aut
812 2059 922 2119 pro
968 2040 1242 2102 convictu
1283 2048 1386 2102 aut
1429 2059 1539 2120 pro
1586 2039 1707 2101 ullo
1753 2040 1987 2123 aliquo,
2060 2041 2106 2103 si
2153 2041 2314 2120 quod
2334 2043 2415 2106 15

136 2143 355 2220 incidit,
445 2161 812 2224 supervacuo
885 2149 988 2204 aut
1059 2162 1172 2225 pro
1241 2143 1439 2223 aliquo
1516 2143 1704 2205 amico
1774 2153 1878 2205 aut
1944 2125 2139 2205 debito
2215 2153 2317 2205 aut
2426 2205 2433 2209 .

259 2321 308 2373 1.
345 2312 523 2370 oratio
556 2311 704 2368 illius
740 2310 842 2367 deo
875 2325 922 2369 c.
958 2310 1025 2369 D.
1039 2353 1054 2379 ‚
1089 2311 1263 2369 oratio
1300 2311 1403 2370 deo
1437 2311 1585 2368 illius
1629 2314 1755 2372 Vat.
1770 2355 1785 2381 ,
1820 2313 1923 2370 deo
1958 2312 2133 2370 oratio
2166 2313 2316 2369 illius

137 2400 206 2454 ed.
237 2417 316 2471 pr.
350 2419 404 2460 v.
442 2428 509 2442 —
556 2397 818 2454 Volebam
851 2415 895 2455 c.
930 2398 998 2456 D.
1034 2398 1184 2464 Vat„
1238 2399 1432 2455 vellem
1467 2399 1553 2456 ed.
1585 2415 1664 2470 pr.
1704 2418 1754 2457 v.
1792 2429 1855 2444 --
1924 2404 1974 2457 2.
2011 2403 2061 2456 3.
2097 2406 2154 2454 et
2186 2399 2321 2454 dixit

137 2487 252 2544 mihi
284 2503 330 2543 c.
365 2486 490 2545 Vat.
525 2485 615 2545 ed.
648 2501 729 2557 pr.
763 2503 830 2553 v.,
867 2502 970 2544 om.
1005 2483 1070 2542 D.
1107 2515 1175 2525 —
1245 2489 1296 2544 4.
1334 2476 1572 2544 domoc.
1606 2486 1673 2544 D.
1712 2487 1852 2555 vat„
1886 2492 2002 2545 tota.
2042 2484 2199 2543 domo
2232 2487 2320 2545 ed.

143 2591 207 2642 pr.
234 2594 282 2631 v.
333 2605 394 2616 —
473 2577 521 2629 5.
571 2573 805 2630 nuncius
849 2572 1144 2642 aequitatis
1181 2571 1307 2631 add.
1340 2573 1433 2628 lat.
1469 2574 1694 2643 interpr.
1730 2606 1797 2617 -
1834 2574 2139 2643 quicunque
2173 2589 2319 2631 rece-

142 2660 257 2718 dunt
289 2676 338 2721 c.
372 2661 443 2717 D.
474 2662 602 2717 Vat.
617 2701 631 2726 ‚
665 2660 760 2730 qui
793 2661 864 2716 ab
898 2673 967 2716 ea
999 2658 1261 2714 recedunt
1295 2658 1379 2717 ed.
1414 2674 1496 2727 pr.
1532 2676 1581 2715 v.
1618 2690 1685 2701 -
1755 2664 1802 2715 6.
1836 2659 2169 2730 praecordiis
2204 2662 2320 2715 suis

141 2747 216 2812 (ef.
246 2749 354 2819 gr.)
391 2766 441 2807 c.
475 2747 541 2803 D.
580 2747 702 2802 Vat.
735 2747 870 2803 Mss.
901 2746 1059 2817 Angl.
1075 2787 1089 2812 ,
1133 2743 1467 2815 praecordiis
1501 2745 1649 2814 suis,
1688 2746 1867 2803 vivent
1900 2747 2002 2802 deo
2038 2746 2121 2803 ed.
2155 2762 2236 2817 pr.
2271 2765 2320 2803 v.

142 2863 195 2877 -
260 2838 308 2892 8.
343 2832 730 2906 poenitentiam
768 2832 977 2905 egerint
1007 2850 1052 2891 c.
1088 2834 1212 2889 Vat.
1249 2832 1334 2891 ed.
1369 2848 1450 2902 pr.
1485 2849 1551 2899 v.,
1588 2833 1797 2903 egerint
1827 2833 2214 2903 poenitentiam
2251 2833 2320 2891 D.

143 2950 198 2962 —
233 2924 278 2977 9.
317 2924 403 2980 1⁰.
441 2936 602 2991 quam
635 2920 873 2991 pessima
908 2924 993 2975 est
1026 2936 1071 2975 c.
1103 2920 1166 2974 B.
1185 2920 1252 2977 D.
1276 2921 1419 2987 vat„
1455 2935 1619 2989 quam
1652 2935 1822 2988 prava
1855 2935 2123 2990 quamque
2158 2920 2321 2977 noxia

141 3015 216 3065 est
256 3010 338 3065 ed.
383 3025 466 3081 pr.
499 3026 549 3065 v.
596 3036 660 3049 —
736 3009 817 3061 10.
865 3005 1128 3078 quomodo
1175 3021 1220 3063 c.
1255 3006 1324 3065 D.
1367 3008 1490 3063 vat.
1506 3043 1522 3072 ‚
1576 3022 1683 3077 quo
1731 3013 1891 3076 pacto
1926 3006 2013 3065 ed.
2047 3023 2128 3077 pr.
2163 3026 2213 3063 v.
2252 3038 2319 3048 —

142 3110 311 3153 servos
356 3094 448 3151 dei
495 3092 716 3160 evertit,
767 3108 848 3163 gr.
897 3095 1018 3159 τᾳῦς
1068 3096 1278 3155 δούλους
1325 3101 1421 3147 τοῦ
1471 3102 1606 3148 θεοῦ
1658 3100 1997 3167 καταστρέφει
2031 3104 2093 3162 ’τῇ
2132 3100 2316 3163 ἑαυτῆς

143 3189 386 3257 ἐνεργείᾳ,
445 3188 532 3236 καὶ
578 3190 689 3243 πῶς
735 3182 1014 3253 ἄηοπλανᾷ
1068 3180 1254 3240 αὐτοὺς
1300 3182 1407 3235 α’πό
1463 3188 1555 3249 τῆς
1597 3182 1941 3249 δικαιοσύνης.
1977 3212 2048 3222 —
2120 3182 2201 3237 10.
2242 3184 2321 3236 11.

140 3270 272 3337 pleni
315 3274 446 3325 sunt
486 3268 545 3323 in
590 3266 698 3322 fide
746 3281 794 3324 c.
836 3266 959 3322 Vat.
995 3264 1078 3322 ed.
1114 3281 1198 3334 pr.
1236 3264 1348 3335 Cot.
1365 3307 1380 3333 ‚
1434 3272 1563 3322 sunt
1606 3267 1665 3322 in
1708 3266 1815 3322 fide
1850 3268 1948 3335 D.,
2002 3268 2150 3336 pleni
2198 3273 2324 3322 sunt

141 3354 235 3411 fide
266 3356 400 3411 Mes.
434 3354 591 3425 Angl.
622 3354 812 3412 DresS.
850 3382 917 3393 -
958 3354 1039 3407 11.
1078 3367 1179 3408 nec
1212 3357 1392 3423 potest
1425 3353 1633 3423 aliquid
1666 3353 1849 3409 facere
1883 3354 1993 3409 illis
2027 3371 2073 3412 c.
2107 3354 2172 3408 D.
2203 3354 2323 3409 Vat.

143 3442 290 3511 (non)
343 3442 547 3513 [facere
593 3439 756 3496 etiam
790 3438 870 3507 L.]
885 3479 900 3505 ‚
953 3454 1064 3495 non
1106 3443 1288 3507 potest
1321 3439 1528 3509 aliquid
1562 3453 1757 3495 nocere
1791 3440 1902 3495 illis
1938 3441 2021 3496 ed.
2058 3456 2165 3510 pr„
2217 3455 2323 3494 non

143 3534 304 3597 potest
333 3544 532 3587 nocere
566 3527 676 3585 illis
715 3546 763 3585 V.
799 3558 865 3569 —
938 3530 1018 3581 12.
1067 3539 1267 3581 vacuos
1303 3530 1358 3580 et
1391 3524 1585 3583 dubios
1622 3529 1769 3596 (τούς
1804 3529 2087 3589 ἀποκένους
2124 3534 2209 3581 καὶ
2246 3528 2321 3579 δι-

144 3618 330 3687 ψύχους
365 3617 552 3686 ὄντας)
587 3632 630 3672 c.
665 3614 733 3671 D.
752 3614 873 3670 Vat.
912 3611 996 3669 ed.
1028 3628 1127 3682 pr„
1162 3611 1355 3669 dubios
1372 3616 1426 3667 et
1443 3628 1640 3669 vacuos
1661 3630 1707 3668 v.
1732 3642 1796 3655 -
1832 3613 2081 3684 quotiens
2104 3614 2225 3667 vat.
2252 3641 2313 3651 —

146 3702 274 3755 enim
305 3718 353 3759 c.
372 3702 442 3761 D.
461 3702 582 3759 Vat.
603 3701 685 3758 ed.
705 3717 787 3770 pr.
804 3700 1008 3763 DreSS„
1041 3702 1224 3754 autem
1242 3716 1290 3755 v.
1316 3726 1376 3738 -—-
1418 3702 1499 3756 13.
1521 3698 1675 3754 inicit
1693 3715 1740 3757 c.
1759 3698 1827 3755 D.
1848 3699 1931 3754 ed.
1949 3715 2033 3768 pr.
2052 3718 2119 3765 v.,
2140 3698 2325 3753 iniciet

149 3788 258 3843 Vat.
291 3818 359 3830 ——
406 3789 684 3846 hominum
719 3803 766 3845 c.
801 3787 863 3843 Β.
899 3786 964 3842 D.
998 3784 1058 3841 L.
1095 3786 1247 3851 vat„
1303 3800 1490 3844 eorum
1526 3785 1609 3841 ed.
1645 3802 1725 3855 pr.
1762 3804 1813 3845 v.
1853 3812 1915 3828 -·
1989 3788 2067 3839 14.
2100 3784 2327 3855 percipit

148 3888 188 3929 c.
218 3875 334 3933 Vat.
369 3876 454 3931 ed.
498 3892 582 3946 pr.
618 3895 693 3941 v.,
728 3873 1032 3946 percipiunt
1063 3872 1129 3926 D.
1165 3904 1233 3913 --
1287 3874 1369 3926 15.
1405 3872 1649 3945 convictu
1684 3890 1728 3928 c.
1762 3871 1828 3925 D.
1868 3871 1951 3927 ed.
1984 3886 2065 3941 pr.
2100 3888 2168 3936 v.,
2204 3886 2325 3927 con·

148 3958 273 4017 victa
305 3961 426 4018 Vat.
462 3994 530 4004 —
602 3966 682 4016 15.
723 3966 806 4019 16.
841 3965 938 4017 aut
971 3975 1070 4029 pro
1109 3960 1219 4014 ullo
1253 3958 1452 4029 aliquo,
1488 3958 1537 4013 si
1572 3958 1715 4028 quod
1749 3957 1953 4021 incidit,
1992 3970 2326 4025 supervacuo

149 4046 201 4113 (ἢ
232 4054 552 4120 μικρολογίας
585 4049 752 4117 τινὸς)
791 4066 836 4104 c.
872 4048 939 4103 D.
974 4046 1128 4113 Vat„
1188 4052 1286 4101 aut
1318 4063 1417 4116 pro
1452 4045 1635 4115 aliquo
1671 4044 1860 4110 verbo,
1921 4042 1969 4097 si
2005 4042 2148 4112 quod
2184 4042 2325 4098 forte

150 4129 346 4199 incidit,
380 4148 714 4204 supervacuo
749 4133 832 4190 ed.
865 4148 949 4204 pr.
982 4150 1029 4189 v.
1073 4162 1140 4175 --
1217 4136 1294 4189 16.
1343 4132 1523 4202 aliquo
1558 4130 1729 4187 amico
1767 4146 1815 4184 c.
1850 4130 1915 4185 D.
1951 4128 2073 4185 Vat.
2109 4129 2193 4185 ed.
2227 4145 2325 4199 pr.,

152 4218 308 4276 amico
341 4219 522 4291 aliquo
555 4238 604 4279 v.
641 4251 706 4263 -
