3003 5080
476 499 484 505 ,
576 429 606 491 1
618 426 702 493 28
1566 426 1772 484 Pastor.

572 604 833 664 fuerunt.
897 600 1104 664 abiecti
1161 620 1298 665 vero
1359 621 1481 663 non
1529 613 1687 669 sunt.
1777 602 2178 680 „Quoniam“‚
2235 600 2459 683 inquit,
2527 599 2761 681 „adhuc

571 706 848 786 exiguum
893 706 1054 767 deest
1101 705 1236 766 huic
1277 707 1450 783 turri,
1497 706 1658 786 quod
1701 706 2127 769 aedificandum
2172 707 2300 768 erit.
2344 706 2590 767 forsitan
2636 705 2764 767 vult

572 810 850 871 dominus
895 828 996 871 eos
1040 807 1263 887 lapides
1305 811 1494 888 aptari
1538 812 1598 871 in
1646 830 1713 872 ea
1758 818 2055 872 structura
2077 856 2093 881 ‚
2139 810 2274 890 quia
2317 809 2483 871 valde
2529 808 2762 870 candidi

569 915 772 975 sunt“.
844 922 1082 973 vocatae
1139 912 1348 974 deinde
1407 922 1549 975 sunt
1606 913 1883 974 mulieres
1939 914 2402 995 speciosissimae
2444 912 2760 973 duodecim

509 1014 550 1078 5
570 999 739 1097 nigra
784 1023 942 1077 veste
987 1015 1256 1092 vestitae,
1301 1016 1593 1080 incinctae
1636 1024 1695 1077 et
1738 1018 1948 1078 exertis
1990 1018 2254 1079 humeris
2275 1065 2292 1094 ‚
2351 1015 2573 1096 capillis
2620 1034 2759 1077 vero

569 1119 885 1181 dissolutis.
956 1118 1308 1181 videbantur
1365 1128 1560 1181 autem
1621 1120 1764 1180 mihi
1822 1121 1932 1181 hae
1984 1121 2261 1183 mulieres
2307 1128 2564 1201 agrestes
2608 1138 2760 1179 esse.

567 1232 627 1284 et
685 1223 854 1284 iussit
911 1242 1009 1284 eas
1070 1233 1273 1301 pastor
1318 1223 1417 1285 ille
1462 1223 1671 1285 tollere
1715 1223 1939 1303 lapides
1983 1245 2083 1286 eos
2106 1271 2123 1306 ‚
2196 1225 2297 1304 qui
2340 1224 2413 1285 de
2457 1230 2759 1284 structura

566 1325 775 1387 abiecti
835 1334 1041 1401 erant,
1115 1335 1172 1388 et
1230 1346 1332 1388 eos
1377 1326 1586 1388 referri
1632 1326 1693 1387 in
1738 1334 2009 1407 monteS,
2081 1329 2241 1389 unde
2285 1327 2460 1388 ablati
2500 1328 2759 1407 fuerant,

567 1438 625 1491 et
667 1429 801 1491 illae
846 1430 1169 1509 gaudentes
1211 1430 1579 1492 sustulerunt
1622 1448 1831 1491 omnes
1862 1439 1921 1491 et
1947 1439 2401 1512 reportaverunt
2430 1449 2552 1504 θος,
2596 1429 2760 1491 unde

467 1530 548 1596 10
567 1534 813 1594 extracti
859 1534 1123 1595 fuerunt.
1178 1543 1491 1614 postquam
1536 1541 1731 1596 autem
1778 1534 1979 1596 nullus
2021 1534 2168 1615 lapis
2213 1534 2369 1596 circa
2412 1532 2624 1594 turrim
2675 1532 2759 1593 ia-

567 1646 759 1718 ceret,
805 1637 886 1698 ait
929 1638 1104 1698 mihi:
1179 1638 1666 1715 „Circumeamus
1710 1637 1864 1697 hanc
1908 1639 2120 1699 turrim
2168 1646 2227 1699 et
2270 1637 2567 1698 videamus
2586 1668 2613 1711 ,·
2681 1656 2759 1697 ne

566 1740 707 1819 quid
761 1741 910 1802 desit
966 1741 1110 1805 illi“.
1186 1741 1488 1822 coepimus
1532 1758 1673 1819 ergo
1720 1741 1967 1803 circuire
2012 1761 2162 1803 eam.
2235 1750 2293 1803 et
2334 1750 2400 1802 ut
2440 1740 2581 1801 vidit
2622 1758 2757 1800 eam

564 1844 844 1906 decenter
885 1844 1270 1920 aedificatam,
1314 1844 1482 1906 valde
1528 1843 1727 1905 hilaris
1773 1863 1899 1905 esse
1944 1844 2167 1923 coepit3
2211 1844 2289 1927 ita
2334 1842 2492 1904 enim
2537 1841 2759 1903 decen-

563 1956 654 2009 ter
709 1947 1006 2010 aedificata
1064 1950 1288 2029 fuerat,
1362 1957 1429 2009 ut
1472 1946 1573 2024 qui
1616 1930 1854 2008 'vidisset
1898 1948 2347 2027 concupisceret
2388 1936 2755 2006 structuram

466 2051 542 2114 15
562 2051 719 2125 eius,
766 2051 1046 2131 quoniam
1092 2052 1257 2131 quasi
1303 2052 1375 2111 de
1420 2069 1541 2112 uno
1588 2049 1779 2129 lapide
1822 2050 2130 2112 videbatur
2174 2070 2333 2131 esse,
2380 2063 2491 2111 nec
2532 2046 2755 2109 alicubi

561 2156 945 2217 commissura
986 2155 1264 2234 parebat,
1307 2154 1413 2215 sed
1457 2173 1528 2215 ex
1572 2164 1737 2234 petra
1780 2173 1899 2215 una
1941 2153 2247 2215 videbatur
2288 2149 2576 2232 exculpta.

771 2258 829 2297 ¹⁰
858 2278 968 2339 ego
1048 2262 1246 2319 autem
1322 2256 1611 2318 eiusmodi
1683 2257 2065 2323 considerans
2122 2257 2282 2320 bona
2339 2255 2505 2317 valde
2561 2253 2755 2315 laetus

597 2561 612 2582 .
697 2501 741 2554 1.
775 2496 998 2553 fuerunt
1030 2510 1074 2552 c.
1108 2489 1234 2555 Vati.
1269 2498 1354 2554 ed.
1389 2513 1496 2567 pr.,
1548 2496 1767 2554 fuerant
1798 2497 1893 2565 D.,
1949 2502 2105 2553 erant
2136 2514 2186 2553 v.
2222 2524 2289 2535 -
2324 2492 2589 2563 Quoniam
2605 2534 2619 2560 ‚
2667 2492 2751 2548 in-

557 2587 701 2656 quit,
735 2585 912 2641 adhuc
947 2601 992 2640 c.
1029 2584 1149 2640 Vat.
1186 2583 1268 2638 ed.
1301 2600 1383 2652 pr.
1418 2602 1464 2639 v.
1483 2626 1497 2650 ,
1535 2586 1788 2655 quoniam
1822 2585 2065 2655 quidem,
2112 2579 2286 2652 inquit
2316 2580 2381 2638 D.
2420 2611 2486 2621 —
2554 2583 2603 2636 2.
2636 2579 2753 2636 for-

558 2674 701 2729 sitan
737 2690 780 2730 c.
816 2673 883 2729 D.
923 2673 1079 2738 Vat.‚
1114 2675 1171 2725 et
1201 2669 1430 2726 forsitan
1465 2670 1554 2729 ed.
1582 2687 1665 2739 pr.
1702 2690 1752 2728 v.
1787 2703 1854 2712 —-
1925 2673 1975 2728 3.
2014 2685 2107 2726 eos
2142 2687 2186 2726 c.
2220 2667 2287 2724 D.
2328 2672 2471 2733 Vat.‚
2528 2667 2630 2721 hos
2662 2665 2749 2719 ed.

555 2775 636 2828 pr.
670 2777 720 2817 v.
768 2788 833 2799 —
904 2760 950 2813 3.
987 2761 1040 2816 4.
1092 2757 1220 2826 quia
1266 2756 1420 2812 valde
1457 2757 1671 2813 candidi
1702 2763 1827 2812 sunt
1862 2759 1974 2826 (ὅτι
2008 2763 2239 2827 λαμπροί
2268 2762 2367 2809 εἰσι
2400 2753 2543 2819 λίαν)
2578 2769 2622 2808 c.
2660 2751 2750 2809 ed.

555 2863 640 2914 pr.
675 2863 742 2911 v.‚
778 2858 882 2914 que
921 2843 1078 2900 valde
1113 2842 1344 2900 candida
1379 2842 1464 2899 est
1495 2844 1561 2898 D.
1582 2844 1641 2898 L.
1665 2851 1800 2914 (qua
1811 2846 1855 2912 ?)
1874 2843 2001 2900 Vat.
2022 2874 2087 2884 -
2130 2845 2181 2899 4.
2217 2840 2413 2895 deinde
2452 2843 2577 2894 sunt
2611 2852 2657 2890 c.
2680 2837 2749 2891 D.

560 2934 680 2988 vat.
697 2973 710 2997 ,
747 2938 874 2987 sunt
907 2930 1102 2986 deinde
1138 2929 1222 2984 ed.
1257 2945 1338 2999 pr.
1374 2948 1426 2988 v.
1465 2960 1529 2972 -
1602 2935 1647 2984 5.
1680 2930 1949 2985 incinctae
1983 2935 2040 2985 et
2072 2929 2273 2982 exertis
2308 2943 2353 2982 c.
2390 2928 2511 2981 Vat.
2546 2924 2630 2979 ed.
2662 2941 2749 2994 pr.

552 3017 628 3084 νζ,
681 3018 939 3073 intinctae
985 3023 1040 3070 et
1085 3016 1223 3071 extis
1257 3016 1324 3074 D.
1380 3047 1449 3057 —
1520 3021 1568 3072 5.
1604 3019 1653 3070 6.
1702 3017 1913 3086 capillis
1958 3031 2086 3071 vero
2121 3013 2400 3070 dissolutis
2430 3028 2474 3067 c.
2510 3011 2578 3068 D.
2610 3010 2749 3066 Mss.

553 3106 709 3174 Angl.
727 3147 741 3172 ,
795 3103 1006 3172 capillis
1050 3119 1158 3158 non
1206 3103 1484 3159 dissolutis
1538 3103 1659 3158 Vat.
1674 3144 1688 3170 ‚
1741 3102 2059 3172 capillisque
2109 3101 2301 3156 solutis
2349 3098 2431 3153 ed.
2476 3114 2555 3166 pr.
2588 3115 2640 3153 v.
2676 3128 2747 3136 ——

553 3195 604 3246 6.
638 3191 740 3245 hec
773 3189 1027 3244 mulieres
1046 3189 1111 3243 D.
1131 3221 1198 3230 -
1236 3193 1283 3242 7.
1321 3190 1573 3246 tollerare
1600 3189 1724 3248 Vat.
1744 3222 1812 3231 —
1848 3203 1941 3244 eos
1978 3205 2021 3244 c.
2041 3188 2106 3244 D.
2126 3189 2269 3252 Vat.‚
2302 3185 2425 3241 illos
2463 3184 2547 3240 ed.
2577 3200 2657 3253 pr.
2693 3201 2745 3238 v.

553 3305 618 3318 -
655 3281 703 3332 8.
739 3275 934 3331 abiecti
969 3281 1124 3331 erant
1155 3292 1200 3331 c.
1235 3275 1300 3330 D.
1333 3280 1486 3344 (sunt
1518 3277 1605 3332 vel
1639 3282 1819 3336 erant)
1854 3274 1916 3329 L.
1933 3315 1945 3338 ‚
2002 3275 2161 3329 eiecti
2193 3278 2348 3328 erant
2385 3273 2505 3327 Vat.
2540 3270 2625 3325 ed.
2658 3285 2745 3338 pr.

549 3383 598 3419 v.
634 3392 702 3403 -
771 3366 804 3417 8
819 3392 888 3403 -
903 3363 983 3417 10.
1038 3367 1092 3416 et
1140 3377 1234 3417 eos
1268 3361 1464 3418 referri
1500 3393 1564 3406 —-
1600 3361 1827 3418 extracti
1864 3361 2086 3416 fuerunt
2114 3358 2204 3428 (cf.
2237 3359 2345 3428 gr.)
2380 3371 2426 3413 c.
2462 3357 2543 3412 ed.
2579 3372 2658 3426 pr.
2695 3375 2743 3411 v.

551 3449 805 3521 (extracti
838 3449 1099 3518 fuerant),
1133 3465 1232 3504 om.
1269 3448 1334 3506 D.
1369 3448 1431 3503 L.
1472 3451 1598 3504 Vat.
1634 3479 1703 3489 —
1758 3451 1839 3504 11.
1877 3449 1960 3502 12.
1996 3462 2064 3502 ne
2100 3446 2231 3517 quid
2265 3463 2313 3503 c.
2348 3445 2413 3499 D.
2449 3444 2570 3500 Vat.
2606 3440 2742 3497 Mss.

549 3538 731 3606 Angl„
790 3534 1050 3606 numquid
1082 3534 1287 3605 aliquid
1323 3535 1406 3590 ed.
1441 3552 1525 3605 pr.
1559 3555 1609 3594 v.
1655 3566 1723 3578 —
1797 3537 1875 3589 12.
1910 3533 2140 3590 circuire
2175 3546 2223 3591 c.
2258 3530 2324 3585 D.
2359 3530 2440 3585 ed.
2477 3545 2583 3598 pr.,
2638 3528 2743 3581 cir-

549 3623 752 3678 cumire
790 3624 914 3680 Vat.
947 3641 994 3677 v.
1036 3651 1098 3663 -
1170 3627 1256 3680 12.
1292 3637 1413 3677 eam
1447 3622 1703 3678 decenter
1735 3637 1781 3678 c.
1819 3620 1939 3676 Vat.
1976 3619 2059 3675 ed.
2093 3634 2172 3689 pr.
2208 3637 2287 3686 v.,
2333 3617 2585 3673 decenter
2619 3629 2740 3669 eam

549 3713 608 3766 D.
647 3740 711 3751 —
785 3711 864 3763 13.
909 3708 1066 3764 valde
1109 3707 1301 3764 hilaris
1347 3723 1470 3765 esse
1516 3708 1695 3777 coepit
1738 3724 1785 3765 c.
1820 3711 1882 3763 D.
1920 3706 2073 3772 Vat.‚
2126 3704 2300 3774 coepit
2345 3702 2503 3758 valde
2540 3701 2739 3756 hilaris

548 3811 672 3852 esse
710 3796 795 3854 ed.
832 3811 911 3865 pr.
945 3813 996 3850 v.
1036 3825 1102 3835 —
1175 3798 1254 3851 15.
1287 3810 1390 3850 nec
1431 3795 1631 3851 alicubi
1664 3808 1710 3850 c.
1748 3793 1815 3846 D.
1850 3792 1972 3848 Vat.
2010 3791 2097 3849 ed.
2128 3808 2239 3861 pr.,
2292 3805 2393 3846 nec
2426 3804 2657 3858 usquam
2690 3805 2740 3842 v.

549 3914 615 3924 —
654 3887 735 3939 16.
771 3883 998 3952 parebat
1030 3896 1074 3935 c.
1111 3880 1174 3936 D.
1214 3883 1364 3948 Vat.‚
1414 3883 1711 3952 apparebat
1745 3880 1832 3937 ed.
1868 3895 1951 3948 pr.
1985 3896 2033 3934 v.
2061 3908 2131 3918 —
2184 3893 2250 3932 ex
2282 3883 2439 3946 petra
2474 3891 2584 3930 una
2616 3881 2737 3946 (μο-

547 3970 789 4037 νόλιθος)
828 3986 875 4025 c.
912 3987 989 4033 v..
1024 3983 1092 4026 ex
1124 3974 1280 4037 petra
1312 3969 1408 4023 illa
1446 3968 1513 4022 D.
1549 3967 1611 4022 L.
1647 3967 1769 4024 Vat.
1805 3965 1889 4022 ed.
1922 3980 2006 4033 pr.
2042 3995 2111 4005 —

689 4057 768 4110 17.
834 4047 1098 4112 eiusmodi
1149 4054 1498 4112 considerans
1545 4058 1689 4112 bona
1734 4058 1973 4121 (τοιαῦτα
2024 4053 2198 4123 ἀγαθὰ
2246 4054 2475 4119 βλέπων)
2510 4047 2737 4114 emend..

545 4143 810 4200 eiusmodi
850 4143 1194 4200 considerans
1229 4143 1366 4196 bene
1399 4142 1466 4199 D.
1506 4139 1945 4211 (eiusdemmodi)
1977 4138 2101 4194 Vat.
2134 4137 2269 4195 Mss.
2304 4137 2488 4206 Angl.,
2542 4133 2739 4190 liuius-

544 4229 689 4287 modi
722 4230 912 4284 turrim
947 4235 1150 4285 attente
1183 4228 1534 4284 considerans
1570 4229 1655 4286 ed.
1691 4245 1771 4298 pr.
1806 4249 1853 4286 v.
1902 4258 1970 4268 —
2026 4230 2201 4285 laetus
2242 4245 2389 4285 eram
2422 4243 2472 4287 c.
2506 4227 2571 4281 D.
2609 4228 2733 4285 Vat.
