3003 5080
540 413 583 476 2
1540 411 1746 466 Pastor.

506 584 713 645 'etiam
758 583 821 644 in
864 581 1156 664 principio
1193 583 1468 664 apparuit
1494 582 1756 644 Ecclesia
1801 582 1865 642 in
1917 580 2089 643 variis
2132 580 2355 662 figuris·
2399 589 2541 642 sunt
2585 599 2730 660 ergo

539 685 791 746 visiones
820 683 1119 747 Ecclesiae
1163 704 1419 748 numero
1465 693 1741 765 quatuor,
1784 684 2037 764 pastoris
2081 685 2285 745 nuncii
2327 683 2731 764 poenitentiae

538 788 833 850 visionum
875 785 1166 850 humerus
1212 789 1490 869 quinque.
1534 787 1812 848 mandata
1872 786 2134 848 eiusdem
2192 805 2444 848 numero
2506 785 2731 846 duode-

469 901 481 930 ⁸
541 891 678 952 cim.
738 890 1152 953 similitudines
1211 891 1396 971 ipsius
1449 907 1703 952 numero
1748 889 1971 949 decem.
2688 905 2693 909 ·

483 1075 524 1138 5
1463 1068 1693 1137 Visio
1748 1067 1815 1134 Ι.

753 1213 776 1250 ¹
809 1214 920 1285 Qui
981 1217 1306 1278 enutrierat
1361 1235 1458 1278 me
1512 1215 1774 1277 vendidit
1830 1214 2125 1295 quandam
2187 1215 2441 1294 puellam
2489 1215 2729 1276 Romae.

541 1323 677 1392 post
720 1317 941 1377 multos
984 1336 1177 1380 annos
1221 1321 1376 1381 hanc
1421 1337 1531 1398 ego
1564 1317 1902 1398 recognovi,
1946 1325 2004 1378 et
2034 1317 2200 1397 coepi
2230 1335 2357 1377 eam
2393 1316 2633 1395 diligere
2662 1327 2729 1378 ut

541 1436 830 1480 sororem.
902 1428 1038 1498 post
1094 1429 1332 1502 tempus
1390 1420 1631 1500 aliquod
1690 1420 1868 1481 lavari
1924 1439 2052 1486 eam
2110 1420 2171 1480 in
2228 1419 2473 1480 flumine
2532 1419 2729 1480 Tiberi

543 1519 659 1579 vidi
718 1528 778 1582 et
833 1521 1072 1601 porrexi
1127 1523 1181 1584 ei
1237 1543 1484 1584 manum
1542 1531 1601 1584 et
1656 1523 1831 1585 eduxi
1892 1541 2021 1584 eam
2067 1522 2139 1583 de
2181 1522 2445 1584 flumine.
2492 1523 2730 1602 visaque
2814 1603 2823 1609 ἡ

444 1637 524 1702 10
545 1641 611 1682 ea
651 1623 803 1682 dixi:
851 1623 1054 1702 „Felix
1095 1644 1320 1700 essem,
1365 1626 1415 1686 si
1457 1625 1636 1687 talem
1682 1643 1931 1694 uxorem
1978 1625 2321 1685 haberem“.
2367 1633 2427 1684 et
2468 1625 2727 1703 speciem

544 1741 678 1784 cum
724 1725 994 1787 vidissem
1013 1773 1031 1797 ‚
1075 1726 1404 1806 cogitabam
1449 1728 1513 1788 in
1558 1729 1737 1790 corde
1780 1745 1915 1789 meo
1961 1727 2195 1788 dicens:
2272 1727 2470 1803 „Felix
2515 1747 2731 1813 essem-,-

543 1827 593 1886 si
651 1828 825 1888 talem
884 1846 1129 1889 uxorem
1189 1829 1465 1892 haberem
1526 1839 1587 1892 et
1643 1831 1839 1910 specie
1896 1838 1956 1891 et
2001 1829 2331 1891 moribus“.
2376 1830 2490 1891 hoc
2531 1830 2727 1890 solum

452 1917 472 1957 .'
542 1930 789 2008 cogitavi
849 1949 960 1992 nec
1013 1931 1168 1992 ultra
1225 1931 1449 2011 aliquid
1493 1933 1763 2012 cogitavi.
1807 1942 1945 2013 post
1987 1941 2220 2013 tempus
2263 1931 2502 2010 aliquod
2545 1933 2729 2012 profi-

545 2032 770 2093 ciscens
824 2052 963 2096 cum
1024 2033 1113 2095 his
1171 2035 1629 2114 cogitationibus
1690 2045 1750 2097 et
1789 2035 2191 2097 honorificans
2236 2042 2565 2096 creatur-am
2613 2035 2728 2110 dei,

621 2177 625 2181 ·
677 2170 724 2221 2.
766 2165 1042 2252 Ecclesiae
1075 2183 1297 2222 numero
1335 2197 1396 2208 -
1433 2183 1690 2230 numerus
1726 2169 1963 2238 quinque
1998 2187 2043 2251 c.
2062 2169 2129 2224 D.
2163 2169 2304 2234 vat„
2338 2167 2591 2248 quinque,
2625 2167 2729 2224 sci·

537 2243 666 2306 lic'et
715 2239 1004 2306 ecclesiae
1027 2257 1250 2308 numero
1301 2255 1533 2322 quatuor
1582 2247 1638 2310 et'
1682 2250 1921 2311 Pastoris
1968 2242 2157 2310 nuncii
2173 2239 2558 2322 poenitentiae
2590 2251 2729 2308 visio

539 2353 650 2392 una
683 2336 766 2392 ed.
797 2345 880 2406 pr.
919 2369 988 2378 --
1023 2341 1071 2392 3.
1108 2340 1352 2393 eiusdem
1384 2354 1609 2395 numero
1645 2355 1695 2396 e.
1714 2339 1835 2394 Vat.
1871 2341 1953 2394 ed.
1989 2350 2091 2406 pr..
2128 2339 2335 2395 θῖιιΒΒ.
2356 2367 2423 2379 -
2457 2342 2505 2393 4.
2542 2338 2729 2394 decem

457 2449 462 2476 t
541 2437 589 2479 c.
610 2422 732 2478 Vat.
752 2421 838 2478 ed.
862 2437 960 2490 pr..
997 2422 1194 2484 decem.
1250 2425 1483 2493 Explicit
1517 2435 1890 2495 argumentum
1926 2439 2089 2492 super
2120 2425 2587 2494 librumspastoris.
2618 2425 2732 2480 iam.

542 2506 786 2575 sequitur
816 2505 953 2561 liber
987 2524 1146 2576 anua,
1200 2510 1355 2565 cuius
1390 2511 1581 2568 titulus
1604 2519 1701 2574 est
1732 2511 1954 2575 Pastor,
1985 2517 2065 2564 et
2094 2509 2267 2579 primo
2302 2510 2489 2579 incipit
2520 2510 2726 2581 capitu·

539 2595 652 2647 lum
723 2594 915 2647 rimum
949 2594 1017 2651 D.

680 2610 728 2735 ἒξ
764 2695 866 2733 οιιι.
904 2679 968 2732 D
1004 2712 1074 2721 --
1143 2685 1188 2735 6.
1207 2682 1332 2750 Qui
1367 2698 1413 2739 c.
1433 2682 1555 2738 Vat.
1591 2678 1672 2743 ed
1705 2698 1783 2749 pr.
1804 2699 1870 2747 v.‚
1906 2674 2023 2750 Que
2044 2669 2159 2734 D
2138 2710 2205 2721 --
2240 2680 2538 2738 enutrierat
2572 2695 2617 2735 c.
2640 2680 2728 2745 D.‚

542 2764 867 2821 enutriverat
892 2766 970 2833 (t
977 2772 1048 2819 at.
1062 2767 1114 2835 ²)
1139 2766 1234 2820 ·.ed
1266 2782 1346 2836 pr.
1380 2786 1436 2824 v:
1465 2797 1535 2811 --
1581 2767 1821 2822 vendidit
1844 2784 1899 2821 ·.c
1936 2754 2010 2819 D.
2040 2766 2143 2819 ed.
2132 2782 2243 2835 ·.·pr
2264 2783 2345 2831 v.‚
2382 2766 2565 2819 vendit
2601 2764 2725 2819 Vat.

539 2878 610 2891 --
680 2852 728 2906 7.
761 2866 933 2905 annos
966 2866 1014 2907 c.
1047 2852 1113 2904 D.
1151 2852 1302 2916 vat,
1357 2863 1538 2908 autem
1572 2870 1743 2908 annos
1778 2852 1863 2907 ed.
1898 2868 1979 2921 pr.
2013 2869 2060 2907 v.
2106 2882 2177 2892 -·
2225 2851 2366 2905 hanc
2400 2868 2448 2906 c.
2482 2852 2550 2907 D.
2588 2852 2725 2915 Vat.‚

539 2937 680 2991 lianc
709 2935 881 2989 visam
916 2934 1000 2989 ed.
1034 2950 1112 3003 pr.
1149 2953 1199 2992 v.
1231 2966 1302 2975 —
1349 2938 1632 3005 recognovi
1666 2939 2141 3010 (ἀνεγνωριοᾰμην)
2176 2955 2221 2994 c.
2257 2938 2339 2992 ed.
2374 2954 2456 3005 pr.
2487 2955 2562 2999 v.‚
2637 2952 2726 2991 co-

539 3021 696 3089 gnovi
725 3020 796 3079 D.
831 3020 956 3079 Vat.
1007 3049 1076 3061 ——
1145 3025 1196 3079 7.
1232 3022 1280 3075 8.
1333 3026 1395 3076 ut
1439 3006 1676 3077 sororem
1720 3036 1785 3076 ομ
1802 3022 1870 3079 D.
1905 3022 2026 3078 Vat.
2062 3040 2111 3077 v.
2126 3063 2141 3087 ‚
2174 3031 2451 3092 tamquam
2486 3036 2724 3077 sororem

541 3106 622 3161 ed.
658 3122 738 3175 pr.
786 3135 851 3147 -
923 3108 975 3161 8.
1024 3112 1152 3173 post
1195 3113 1407 3175 tempus
1453 3108 1670 3176 aliquod
1718 3124 1763 3163 c.
1809 3107 1959 3163 Bodl.
2016 3109 2081 3162 D.
2109 3110 2315 3183 ‘Lamb.
2348 3106 2501 3172 Vat,
2535 3113 2723 3166 exacto

547 3200 728 3245 autem
761 3197 1002 3259 tempore
1036 3190 1218 3259 aliquo
1253 3191 1336 3247 ed.
1373 3208 1452 3262 pr.
1488 3210 1539 3249 v.
1582 3223 1635 3235 -
1681 3190 1848 3247 lavari
1884 3208 2001 3247 eam
2038 3212 2081 3249 c.
2117 3195 2181 3249 D.
2216 3195 2336 3250 Vat.
2374 3213 2453 3260 v.‚
2492 3209 2612 3248 eam
2645 3194 2724 3248 la·

537 3276 652 3330 vari
687 3276 770 3330 ed.
806 3293 889 3345 pr.
924 3306 992 3317 -
1032 3276 1218 3331 Tiberi
1247 3294 1290 3332 c.
1317 3269 1403 3333 ed.
1435 3294 1516 3347 pr.
1552 3294 1615 3340 v.‚
1650 3279 1838 3340 tiberis
1874 3278 1937 3335 D.
1957 3321 1969 3342 ‚
2008 3280 2161 3334 tibris
2181 3280 2301 3333 Vat.
2343 3310 2399 3320 —
2476 3286 2525 3335 9.
2564 3278 2723 3333 eduxi

541 3380 583 3414 ο.
621 3363 684 3415 D.
726 3361 809 3416 ed.
845 3378 923 3431 pr.
964 3381 1028 3425 v.‚
1067 3362 1198 3423 duxi.
1234 3362 1354 3417 vat.
1407 3394 1459 3403 -
1497 3363 1566 3417 de
1601 3378 1645 3417 ο.
1681 3364 1751 3419 1).
1780 3362 1914 3422 vat.
1950 3365 2033 3421 ed.
2068 3381 2167 3435 pr„
2202 3380 2233 3418 ο
2267 3377 2313 3419 v.
2342 3350 2401 3405 ἰ-
2467 3368 2549 3423 ιο.
2585 3364 2723 3419 dixu

537 3436 724 3511 „Felix
771 3461 973 3508 essem,
1037 3448 1084 3500 si
1128 3446 1293 3501 talem
1341 3463 1560 3504 uxorem
1594 3450 1899 3515 haberem“.
1954 3461 2009 3505 et
2042 3451 2273 3519 speciem
2314 3467 2435 3505 cum
2470 3451 2723 3506 vidissem

537 3553 580 3591 c.
618 3534 769 3589 Bodl.
807 3532 979 3587 Carm.
1016 3532 1084 3589 D.
1121 3532 1299 3589 Germ.
1333 3532 1520 3589 Lamb.
1559 3534 1695 3598 Vat.‚
1733 3550 1833 3588 om
1872 3535 1957 3591 ed.
1993 3552 2076 3606 pr.
2105 3553 2153 3593 v.
2189 3540 2313 3591 ἰδων
2352 3540 2475 3590 ἳὲτ
2448 3540 2505 3591 τὸ
2543 3540 2721 3597 κάλλος

535 3621 700 3713 odrae.
727 3635 808 3689 gr.
827 3646 896 3659 --
933 3620 1123 3677 1213.
1159 3619 1414 3673 haberem
1450 3625 1506 3673 et
1540 3620 1717 3687 specie
1756 3627 1810 3673 et
1856 3620 2107 3701 moribus.
2146 3622 2245 3683 hoc
2283 3624 2455 3677 solum
2496 3622 2723 3701 cogitavi

533 3721 578 3761 c.
614 3704 681 3759 Β.
693 3700 773 3761 C.
807 3704 873 3758 D.
907 3704 1190 3773 (haberem
1227 3704 1430 3772 specie)
1471 3693 1536 3759 G.
1570 3704 1629 3759 L.
1662 3693 1796 3769 Vah,
1822 3714 1888 3760 et
1921 3694 2099 3801 specie
2136 3714 2191 3761 et
2224 3709 2462 3763 moribus
2499 3708 2721 3773 sortitus

533 3806 726 3846 essem.
771 3790 874 3845 hoc
911 3790 1084 3843 solum
1119 3788 1202 3843 ed.
1250 3802 1332 3857 pr.
1385 3807 1434 3843 v
1487 3797 1581 3829 -·
1638 3792 1717 3845 13.
1766 3792 1972 3861 aliquid
2008 3810 2053 3847 c.
2054 3792 2147 3849 B.
2184 3792 2239 3849 C.
2272 3790 2337 3846 D.
2376 3793 2437 3849 G
2476 3794 2541 3851 L.
2573 3793 2723 3858 Vat.

531 3878 818 3945 quicquam
864 3876 946 3931 ed.
1004 3891 1085 3943 pr.
1139 3892 1185 3929 v.
1237 3902 1302 3913 —
1337 3880 1551 3943 tempus
1586 3892 1629 3929 c.
1665 3874 1734 3931 D.
1770 3877 1921 3943 Vat.,
1970 3884 2183 3946 tempus
2218 3886 2401 3933 autem
2438 3880 2517 3935 ed
2553 3893 2635 3948 pr.
2668 3895 2718 3935 v.

527 3994 598 4002 -
646 3965 719 4015 ι3.
743 3966 826 4016 14.
860 3960 1204 4028 proficiscens
1239 3976 1362 4015 cum
1397 3960 1483 4015 his
1520 3962 1935 4029 cogitationibus
1970 3966 2343 4035 (ιιορευομένου
2376 3988 2478 4035 μου
2516 3974 2588 4027 εἰς
2621 3966 2719 4017 κοῖ-

525 4049 654 4117 μος)
690 4060 740 4103 c.
774 4046 838 4099 D.
872 4045 1012 4110 Vat„
1047 4062 1170 4101 cum
1211 4045 1298 4099 his
1335 4044 1747 4114 cogitationibus
1781 4048 2125 4115 proficiscens
2162 4050 2247 4107 ed.
2283 4066 2361 4119 pr.
2398 4068 2444 4105 v.
2487 4050 2624 4119 (iis).
2647 4078 2717 4088 —

530 4138 612 4188 14.
646 4140 702 4186 et
733 4121 1088 4187 honorificans
1124 4134 1238 4201 (seat
1273 4130 1607 4199 δοξάζοντος)
1646 4148 1691 4187 c.
1710 4131 1797 4198 D..
1832 4134 2177 4202 proficiscens
2198 4135 2557 4191 honorificans
2574 4134 2719 4200 vat..

524 4216 942 4273 honorificabam
985 4216 1074 4298 βᾶ.
1120 4232 1204 4285 pr.
1251 4233 1303 4274 v.
1350 4244 1419 4257 --
1495 4218 1575 4271 14.
1616 4219 1695 4271 15.
1742 4218 1857 4285 dei,
1907 4236 2069 4289 quam
2116 4238 2160 4275 c.
2198 4221 2265 4277 D.
2302 4222 2420 4277 Vat.
2460 4222 2524 4276 G.
2562 4220 2717 4285 vict,
