3003 5080
1159 365 1346 429 Simil.'
1364 368 1523 438 vm.
1545 374 1595 425 2.
1634 372 1683 425 3.
2404 374 2436 437 -1
2448 362 2527 437 01

335 529 456 601 dies
510 550 976 604 revertamur-et
1016 542 1314 607 visitemus
1358 566 1474 608 eas.
1548 543 1649 623 q'ui
1693 540 1910 603 creavit
1946 541 2307 603 enim-hanc
2350 532 2532 603 arbo-'-

336 663 460 705 rem
508 644 701 705 vivere
741 645 868 706 vult
913 665 1016 707 eos
1059 666 1267 707 omnes
1289 693 1308 727 ,
1357 648 1457 727 qui
1504 666 1574 709 ex
1617 666 1684 707 ea
1729 653 2085 725 acceperunt
2128 643 2339 723 virgaS.
2416 664 2527 725 ego

330 757 528 807 autem
572 765 769 825 spero,
817 765 952 807 cum
995 747 1118 809 sint
1159 748 1483 827 adaquatae
1529 750 1725 827 virgae
1766 748 1895 828 hae,
1941 746 2226 828 plurimas
2270 747 2527 810 victuras

328 850 583 909 humore
627 854 861 929 capto“.
2369 863 2373 867 '

273 1027 280 1033 ⁵
536 950 709 1012 3(Ιίῡο
755 953 841 1013 ei:
917 952 1151 1029 „Arbor
1191 954 1371 1027 haec,
1443 952 1712 1033 domine,
1774 952 2111 1013 demonstra
2158 951 2332 1033 mihi,
2376 952 2519 1033 quid
2546 940 2621 1011 ,5

327 1052 434 1127 sit3
501 1053 670 1115 valde
724 1055 882 1115 enim
930 1073 1208 1135 moveor,
1286 1056 1445 1133 quod
1490 1062 1581 1115 tot
1623 1054 1803 1115 ramis
1847 1053 2121 1135 praecisis
2164 1053 2390 1133 integra
2436 1056 2519 1117 vi-

327 1158 537 1217 deatur
581 1176 708 1218 esse
733 1203 748 1232 ‚
819 1176 928 1218 nec
972 1156 1218 1217 omnino
1267 1157 1581 1236 quicquam
1630 1157 1703 1218 de
1745 1176 1813 1217 ea
1853 1156 2051 1217 minus
2094 1155 2325 1216 videtur
2366 1176 2516 1232 esse.

327 1277 445 1337 quo
504 1259 746 1320 nomine
804 1263 1082 1339 stupeo“.
1171 1261 1425 1336 „Audi“‚
1497 1259 1727 1337 inquit,
1812 1260 1997 1335 „haec
2056 1259 2236 1319 arbor
2280 1250 2517 1339 magna.

325 1380 476 1439 quae
537 1381 779 1441 campos
835 1362 978 1440 tegit
1021 1371 1195 1440 atque
1235 1370 1469 1423 montes
1515 1370 1818 1440 totamque
1863 1370 2100 1441 terram,
2146 1362 2238 1421 lex
2284 1363 2376 1423 dei
2422 1372 2513 1423 est

321 1464 383 1524 in
429 1472 555 1525 toto
603 1464 748 1525 orbe
791 1473 1084 1526 terrarum
1127 1465 1278 1527 data.
1325 1466 1468 1525 haec
1512 1474 1705 1526 autem
1753 1465 1845 1525 lex
1889 1463 2043 1523 filius
2086 1463 2177 1524 dei
2225 1473 2313 1525 est
2340 1461 2609 1544 prae-10

322 1567 547 1628 dicatus
603 1567 664 1627 in
727 1568 1006 1628 omnibus
1062 1566 1281 1628 finibus
1339 1567 1499 1629 orbis
1554 1574 1765 1627 terrae.
1808 1566 2029 1645 populi
2088 1584 2226 1626 vero
2285 1576 2509 1629 stantes

319 1669 432 1729 sub
477 1669 686 1731 umbra
729 1670 788 1730 hi
826 1676 998 1745 sunt,
1069 1669 1169 1747 qui
1214 1669 1529 1730 audierunt
1570 1668 2065 1748 praedicationem
2110 1668 2235 1729 eius
2277 1678 2337 1730 et
2379 1688 2511 1731 cre-

319 1772 618 1833 diderunt.
683 1772 936 1833 nuncius
995 1779 1194 1831 autem
1246 1771 1347 1832 ille
1391 1790 1645 1850 magnus
1688 1778 1748 1831 et
1789 1771 2076 1831 honestus*
2114 1770 2355 1833 Michael
2396 1784 2505 1847 est,

316 1874 420 1951 qui
481 1874 688 1954 populi
745 1874 921 1935 huius
962 1872 1139 1934 habet
1181 1881 1533 1951 potestatem
1578 1882 1637 1934 et
1676 1873 1969 1951 gubernat
2008 1891 2129 1934 eos,
2202 1874 2297 1935 hic
2342 1875 2503 1937 enim-

312 1976 377 2037 in
454 1978 632 2037 corde
697 1995 905 2037 eorum
963 1975 1064 2054 qui
1121 1975 1499 2036 crediderunt
1549 1975 1755 2036 inserit
1806 1976 2017 2055 legem.
2074 1974 2263 2037 visitat
2310 1973 2609 2055 'igitur15

312 2099 455 2148 eos,
531 2079 744 2158 quibus
818 2077 978 2139 dedit
1035 2078 1258 2158 legem,
1331 2078 1380 2137 si
1440 2096 1567 2139 eam
1628 2078 2033 2140 custodierint.
2088 2077 2248 2139 vides
2303 2088 2497 2140 autem

311 2180 781 2261 uniuscuiusque
825 2164 1050 2259 virgam
1096 2189 1155 2241 et
1199 2200 1269 2241 ex
1317 2180 1400 2241 eis
1447 2180 1663 2241 multas
1708 2190 1957 2242 vexatas.
2003 2180 2138 2241 illae
2184 2181 2341 2240 enim
2386 2167 2515 2241 vir-⁴

448 2422 500 2474 2.
549 2432 645 2472 eos
681 2430 866 2471 omnes
900 2432 949 2473 c.
984 2416 1108 2470 Vat.
1146 2416 1231 2475 ed.
1264 2432 1379 2486 pr..
1436 2431 1623 2472 omnes
1659 2430 1755 2470 eos
1785 2415 1855 2470 D.
1889 2433 1937 2471 v.
1973 2444 2039 2457 -—
2092 2424 2416 2485 acceperunt
2450 2435 2497 2475 c.

305 2504 394 2562 ed.
429 2520 508 2575 pr.
547 2521 622 2570 v..
659 2500 968 2571 acceperint
999 2501 1100 2568 D.,
1139 2508 1460 2569 acceperant
1493 2502 1617 2560 Vat.
1656 2528 1717 2542 --
1756 2503 1806 2555 3.
1839 2501 2143 2570 adaquatae
2177 2498 2357 2570 virgae
2390 2503 2500 2559 hae⁴

302 2607 356 2647 c.
391 2590 458 2646 D.
495 2589 615 2644 Vat.
651 2589 786 2644 MSS.
819 2587 978 2656 Angl.
1013 2587 1136 2654 (hae
1170 2585 1406 2654 virgae),
1464 2601 1605 2654 aqua
1644 2587 2020 2656 superinfusae
2052 2587 2157 2640 hae
2193 2589 2375 2656 virgae
2410 2591 2495 2644 ed.

303 2693 388 2745 pr.
424 2693 474 2732 v.
510 2705 576 2714 —
646 2677 696 2730 4.
730 2675 953 2728 humore
989 2676 1144 2741 capto
1180 2685 1226 2726 c.
1260 2671 1325 2727 D.
1368 2673 1565 2741 (cepto)
1602 2672 1726 2729 Vat.
1760 2673 1847 2728 ed.
1884 2689 1961 2743 pr.
1998 2691 2072 2739 v.,
2114 2672 2339 2729 humore
2372 2689 2499 2742 per·

300 2768 461 2832 cepto
496 2760 577 2826 Β,
611 2760 775 2814 humo
808 2763 1051 2827 receptas
1083 2757 1146 2815 L.
1179 2783 1248 2798 -

324 2859 328 2864 ·
448 2849 495 2902 6.
529 2845 790 2914 praecisis
827 2861 872 2898 c.
912 2844 976 2899 D.
1011 2843 1134 2897 Vat.
1166 2842 1300 2898 Mss,
1336 2843 1513 2910 Angl„
1546 2842 1737 2898 recisis
1770 2860 1821 2900 v.
1852 2873 1923 2884 -
1990 2847 2039 2898 6.
2072 2845 2131 2897 -7.
2164 2843 2411 2900 videatur
2444 2863 2492 2903 c·

302 2933 371 2988 D.
410 2932 492 2986 ed.
527 2948 610 3000 pr.
642 2949 718 2996 v.,
751 2929 966 2985 videtur
1001 2929 1126 2982 Vat.
1181 2955 1250 2967 —-
1319 2930 1366 2983 7.
1405 2927 1618 2983 videtur
1653 2944 1775 2984 esse
1810 2946 1853 2985 c.
1890 2929 2013 2986 Vat.
2054 2929 2135 2985 ed.
2170 2947 2250 2998 pr.
2284 2948 2363 2997 v.,
2417 2930 2497 2986 vi·

303 3018 466 3072 detur
498 3016 568 3074 D.
617 3044 690 3088 ·-
762 3017 810 3069 8.
847 3028 952 3081 quo
985 3011 1198 3067 nomine
1239 3029 1289 3068 c.
1325 3013 1392 3071 D.
1424 3013 1548 3068 Vat.
1587 3014 1718 3070 Mss.
1754 3017 1943 3084 Angl.,
1998 3031 2104 3083 quo
2140 3016 2368 3070 maxime
2405 3016 2492 3074 ed.

300 3120 386 3173 pr.
424 3121 472 3159 v.
509 3130 575 3145 —
609 3101 746 3156 haec
781 3100 940 3154 arbor
973 3115 1018 3153 c.
1052 3097 1117 3152 D.
1154 3101 1280 3155 Vat.
1317 3099 1401 3155 ed.
1439 3115 1539 3166 pn,
1576 3101 1738 3156 arbor
1768 3100 1905 3156 haec
1937 3119 1983 3157 v.
2020 3131 2090 3141 —-
2160 3103 2211 3156 9.
2248 3107 2411 3169 atque
2445 3118 2510 3157 c.-

301 3189 370 3244 D.
406 3188 528 3242 Vat.
566 3186 649 3240 ed.
683 3202 762 3255 pr.
785 3226 800 3252 ‚
851 3199 917 3238 ac
950 3202 998 3239 v.
1049 3213 1121 3224 —-
1189 3189 1236 3240 9.
1279 3187 1356 3238 10.
1407 3185 1495 3240 dei
1536 3192 1621 3238 est
1652 3185 1710 3239 in
1736 3191 1855 3240 toto
1890 3187 2019 3240 orbe
2056 3200 2100 3241 c.
2141 3186 2205 3240 D.
2246 3187 2369 3244 Vat.
2407 3187 2491 3242 ed.

301 3290 414 3344 pn,
469 3280 554 3327 est
601 3271 689 3326 dei
735 3271 792 3323 in
825 3276 996 3324 totum
1029 3270 1211 3324 orbem
1243 3287 1290 3325 v.
1345 3301 1414 3310 —
1486 3273 1567 3325 10.
1613 3273 1692 3327 11.
1726 3271 1861 3326 haec
1894 3277 2073 3325 autem
2103 3272 2192 3326 lex
2224 3271 2368 3326 filius
2403 3272 2493 3326 dei

303 3364 392 3412 est
439 3357 785 3427 praedicatus
823 3374 869 3412 c.
903 3357 972 3414 D.
1010 3359 1124 3425 (est
1154 3355 1300 3409 filius
1333 3354 1438 3416 dei)
1473 3354 1536 3412 L.
1578 3355 1698 3411 Vat.
1737 3357 1821 3411 ed.
1856 3373 1968 3432 pr.²
2020 3357 2123 3410 hac
2156 3363 2336 3411 autem
2368 3358 2499 3425 lege·

297 3443 449 3498 filius
499 3443 588 3496 dei
634 3442 979 3510 praedicatus
1025 3447 1110 3495 est
1153 3458 1202 3498 v.
1257 3469 1326 3480 --
1399 3442 1480 3492 11.
1533 3440 1677 3494 orbis
1723 3447 1901 3494 terrae
1942 3457 1989 3496 c.
2022 3442 2143 3497 Vat.
2188 3442 2273 3498 ed.
2306 3459 2387 3510 pr.
2421 3460 2491 3509 v..

299 3536 484 3584 terrae
521 3528 668 3584 orbis
699 3529 766 3582 D.
803 3556 870 3566 --
943 3529 1027 3584 12.
1061 3525 1120 3578 hi
1155 3540 1200 3580 c.
1234 3525 1300 3580 D.
1335 3525 1491 3591 Vat.,
1526 3525 1567 3578 ii
1602 3526 1684 3580 ed.
1718 3541 1797 3594 pr.
1832 3543 1881 3580 v.
1920 3556 1984 3567 —
2035 3527 2491 3595 praedicationem

299 3631 351 3669 c.
385 3614 452 3667 D.
487 3612 625 3678 Vct„
666 3611 1095 3681 praedicationes
1129 3611 1211 3667 ed.
1245 3627 1328 3681 pr.
1361 3629 1410 3667 v.
1450 3639 1514 3652 -—
1590 3612 1669 3664 13.
1706 3617 1886 3666 autem
1916 3612 2010 3666 ille
2045 3629 2270 3680 magnus
2304 3623 2358 3668 et
2392 3613 2491 3668 ho·

301 3703 494 3753 nectus
545 3714 589 3752 c.
637 3698 704 3752 D.
749 3701 876 3756 Vat.
921 3699 1040 3766 (ille
1085 3698 1293 3766 autem)
1331 3695 1464 3753 Meo.
1497 3697 1656 3765 Angl.
1672 3737 1687 3762 ,
1740 3703 1921 3751 autem
1963 3697 2055 3752 ille
2089 3700 2402 3768 magnificus
2436 3706 2493 3755 et

299 3785 566 3839 honestus
603 3781 687 3838 ed.
728 3798 808 3852 pr.
841 3801 892 3842 v.
929 3785 1012 3850 (et
1043 3783 1262 3849 bonus).
1307 3812 1375 3822 -
1447 3783 1528 3838 15.
1574 3783 1746 3852 legem
1782 3795 1828 3838 c.
1862 3782 1927 3836 D.
1963 3779 2045 3836 ed.
2078 3799 2159 3852 pr.
2191 3802 2265 3850 v..
2317 3786 2492 3854 legem

304 3885 462 3924 suam
495 3869 616 3923 Vat.
672 3896 736 3908 —
810 3871 891 3923 16.
929 3867 1282 3924 custodierint
1314 3885 1358 3923 c.
1392 3867 1461 3927 D.
1492 3867 1617 3925 vat.
1653 3867 1737 3923 ed.
1771 3884 1851 3936 pr.
1872 3908 1885 3933 ,
1938 3869 2307 3924 custodierunt
2338 3887 2385 3925 v.
2424 3898 2499 3912 —-·

301 3954 454 4010 vides
504 3955 763 4022 (βλέπεις)
809 3953 1040 4020 emend..
1094 3951 1282 4008 videns
1325 3953 1420 4018 D.‚
1470 3953 1655 4008 vident
1697 3955 1851 4018 vat..
1902 3952 2048 4008 videt
2094 3954 2181 4010 ed.
2226 3971 2306 4024 pr.
2340 3973 2389 4011 v.
2429 3983 2495 3998 -

307 4043 390 4095 17.
423 4039 694 4108 uniusque
729 4039 990 4107 cuiusque
1024 4039 1088 4094 D.
1127 4068 1192 4078 ·-
1227 4037 1429 4106 virgam
1465 4045 1521 4092 et
1542 4053 1621 4091 ex
1656 4037 1737 4092 eis
1770 4038 1967 4092 multas
2004 4047 2223 4095 vexatas
2256 4041 2351 4109 (cf.
2384 4050 2509 4111 gr.)

305 4125 515 4182 emend.
532 4167 547 4194 ,
579 4125 784 4194 virgam
819 4129 875 4178 et
909 4137 977 4178 ex
1010 4122 1092 4207 eis
1124 4123 1326 4179 multas
1357 4123 1654 4180 labefactas
1689 4122 1777 4180 ed.
1807 4140 1903 4194 pr.
1924 4141 2003 4190 ι,
2055 4125 2135 4181 eie
2170 4123 2369 4182 multas
2406 4142 2511 4182 ved
